3158 4732
136 517 208 591 400
675 517 884 590 llonumenta

136 712 220 783 trice
243 708 422 802 hucusque,
446 711 604 779 canonice
630 730 786 802 seperare
811 720 844 780 et
869 712 902 780 in
927 710 1103 780 ecclesiam
1129 710 1366 802 parrochialem
1393 732 1456 780 seu

139 815 283 877 curatam
307 826 367 898 per
390 825 429 874 se
453 803 636 874 distinctam
661 827 777 875 creare
802 828 861 876 seu
882 809 1057 895 instituere
1082 806 1306 876 fauorabiliter
1330 805 1453 895 digna-

135 921 264 986 remur3
302 903 498 992 positaque
524 940 570 949 —
595 921 639 969 ex
663 901 837 994 pastoralis
864 901 960 990 officij
987 904 1091 971 nostri
1117 901 1225 972 debito
1251 901 1369 969 cultum
1396 901 1453 969 di-

137 999 206 1065 uini
230 999 369 1067 numinis
393 999 426 1064 in
451 1006 566 1065 nostro
604 1000 794 1090 episcopatu
820 1001 932 1086 augeri
967 997 1226 1067 desiderabiliter
1252 997 1456 1083 affectantes,

136 1112 176 1160 ac
200 1091 336 1184 prouide
357 1092 561 1161 attendentes
586 1093 671 1182 quod
696 1093 779 1162 dicta
794 1095 827 1162 in
844 1093 1020 1184 Vlgstat
1045 1097 1162 1162 matrix
1188 1093 1330 1162 ecclesia
1357 1094 1456 1161 eius-

138 1207 201 1278 que
228 1239 236 1256 .
264 1238 272 1255 .
298 1185 454 1279 plebanus
486 1187 567 1256 alias
593 1198 657 1256 tam
682 1191 715 1257 in
740 1188 860 1280 populo
893 1211 953 1258 seu
978 1186 1073 1280 plebe
1098 1210 1190 1279 quam
1216 1186 1394 1256 redditibus
1420 1198 1456 1257 et

136 1280 349 1373 prouentibus
373 1280 629 1375 parrochialibus
656 1292 689 1352 et
713 1284 901 1374 specialiter
938 1305 1105 1352 excausa
1140 1286 1454 1375 reconpensacicnis

137 1376 244 1447 debite
270 1387 303 1446 et
328 1375 491 1467 condigne
516 1388 689 1469 propterea
716 1378 778 1447 sibi
792 1378 878 1447 lacte
892 1378 974 1448 adeo
995 1381 1142 1449 noscitur
1167 1378 1351 1447 habundare
1366 1378 1455 1468 quod

134 1470 319 1542 huiusmodi
342 1472 491 1564 cappella
514 1476 548 1541 iu
572 1473 844 1543 Etaelnheim
870 1477 1042 1565 seperacio
1067 1477 1172 1564 magis
1206 1478 1238 1542 in
1270 1473 1454 1564 prolectam

136 1588 229 1658 quam
256 1567 417 1638 delectum
436 1590 495 1637 eeu
511 1567 719 1659 preiudicium
736 1571 798 1659 ipsi
814 1572 937 1637 matrici
964 1570 1107 1639 ecclesie
1131 1573 1243 1659 vtique
1268 1566 1454 1638 redundare

135 1671 301 1750 censetur,
326 1666 512 1753 qoinymmo
539 1661 661 1754 absque
686 1666 802 1755 quouis
825 1666 927 1754 ipsius
942 1666 1083 1733 matricis
1108 1665 1253 1733 ecclesie
1278 1667 1452 1755 eiusque..

136 1756 265 1850 plebani
289 1756 468 1849 preiodicio
495 1760 566 1828 siue
591 1758 728 1851 dampno
753 1759 918 1851 procedit,
943 1769 1038 1850 prout
1061 1759 1208 1848 legitime
1240 1758 1335 1828 nobis
1361 1781 1452 1828 con-

135 1862 200 1922 stat
223 1892 271 1903 -
295 1863 468 1945 propterea
493 1853 651 1923 dictorum
678 1906 686 1922 .
713 1907 721 1923 .
749 1855 1001 1944 supplicancium
1027 1854 1176 1946 precibus
1202 1854 1359 1939 inclinati,
1384 1854 1452 1923 do-

138 1951 299 2016 taciouem
332 1946 373 2016 de
397 1969 459 2040 qua
485 1948 660 2039 predicitur
691 1970 730 2017 ac
753 1948 847 2018 nobis
880 1949 1035 2039 legitimis
1068 1953 1213 2018 constitit
1247 1949 1452 2020 documentis

134 2052 236 2112 ratam
262 2053 357 2133 atque
382 2053 507 2133 gratam
532 2053 683 2113 tenentes
708 2047 797 2113 etin
824 2044 953 2114 domino
980 2045 1247 2130 conmendantes,
1272 2043 1451 2135 predictam

132 2139 167 2207 iu
200 2137 477 2207 Ethelnheim
509 2139 688 2230 cappellam
725 2161 796 2208 cum
836 2143 904 2208 eius
938 2139 1074 2231 plebano
1109 2137 1204 2231 plebe
1238 2161 1297 2208 seu
1327 2139 1451 2227 jncolis

132 2230 251 2301 ibidem
285 2255 303 2302 a
338 2236 472 2302 matrice
508 2254 567 2302 sua
598 2233 763 2326 hueusque
796 2234 940 2305 ecclesia
973 2233 1167 2326 parrochiali
1200 2237 1233 2303 in
1266 2233 1452 2322 Vlgstat

134 2327 290 2420 predicta,
315 2327 355 2397 de
381 2349 546 2398 consensu
572 2328 698 2420 quidem
725 2329 913 2398 dilectorum
939 2329 1115 2399 inChristo
1139 2327 1383 2399 Eberhardi
1409 2328 1449 2395 de

135 2420 358 2492 Sansheim
396 2426 545 2493 canonici
582 2423 726 2494 ecclesie
762 2435 876 2494 nostre
909 2423 1272 2516 herbipolensis,
1308 2427 1446 2491 rectoris

135 2517 220 2586 dicte
246 2517 390 2587 ecclesie
414 2518 626 2610 parrochialis
647 2522 679 2587 in
703 2517 1042 2604 Herboltaheim‚
1069 2521 1207 2610 patroni,
1238 2527 1271 2586 et
1295 2516 1448 2587 Silridi

134 2612 264 2704 plebani
296 2613 441 2682 ecclesie
464 2613 678 2705 parrochialis
711 2617 743 2682 in
777 2613 950 2704 Vlgstat
980 2614 1144 2705 predicte,
1177 2613 1358 2705 separando
1393 2614 1448 2681 di-

133 2706 341 2777 membraudo
367 2730 406 2778 ac
430 2708 669 2799 distinguendo
695 2713 853 2779 canonice
878 2713 908 2777 in
926 2709 986 2777 hiis
1012 2712 1140 2800 scriptis
1167 2731 1210 2777 ex
1233 2712 1340 2777 causis
1367 2729 1448 2798 pre-

133 2806 229 2872 tactis
255 2812 288 2871 et
313 2803 386 2873 aliis
410 2805 566 2894 legitimis
600 2813 632 2872 et
657 2803 906 2874 racionabilibus
939 2826 1000 2873 nos
1027 2804 1065 2873 ad
1091 2805 1154 2872 hoc
1180 2802 1383 2895 mouentibus
1412 2805 1447 2890 ju

133 2901 265 2967 nomine
290 2901 389 2989 patris
415 2910 447 2969 et
471 2898 527 2988 filij
562 2911 595 2969 et
620 2902 750 2992 spiritus
778 2903 880 2970 sancti
907 2920 1056 2970 creamus
1087 2901 1285 2988 instituimus
1316 2900 1448 2990 jntytu-

134 2992 239 3062 lamus
265 2997 502 3063 auctorizamus
528 3017 567 3063 ac
592 2999 693 3066 eciam
721 2994 946 3064 confirmamus
961 2999 996 3083 jn
1019 2994 1193 3064 ecclesiam
1213 2992 1449 3084 parrochialem

134 3109 194 3156 seu
219 3098 360 3157 curatam
387 3092 458 3158 siue
485 3088 653 3159 habentem
674 3112 782 3158 curam
804 3092 978 3158 animarum
1005 3090 1160 3159 dictorum
1183 3088 1366 3177 jucolarum
1385 3110 1449 3156 an-

134 3204 265 3270 nexam,
300 3183 428 3253 adicta
459 3188 492 3254 in
516 3184 695 3274 Vlgstat
730 3185 923 3278 parrochiali
957 3185 1100 3254 ecclesia
1133 3189 1268 3346 eiuspue
1299 3183 1450 3275 plebania

133 3289 166 3348 et
190 3301 208 3348 a
234 3277 436 3349 subiectione
461 3284 563 3372 ipsius
588 3291 744 3372 perpetue
758 3292 791 3349 et
806 3280 1074 3368 irrefragabiliter
1090 3301 1206 3371 separa
1222 3298 1270 3346 am
1297 3281 1449 3369 penitus-

134 3395 196 3464 que
222 3373 404 3443 distinctam
429 3378 594 3467 perpetuis
620 3374 746 3465 quidem
773 3376 971 3465 temporibus
988 3376 1094 3444 diuina
1115 3376 1245 3444 fauente
1271 3374 1449 3443 clemencia

134 3471 329 3554 duraturam,
354 3468 507 3561 deinceps
532 3491 649 3562 nempe
673 3469 794 3539 habere
821 3470 990 3540 debentem
1015 3470 1179 3563 ydoneum
1206 3522 1213 3538 .
1242 3520 1249 3536 .
1284 3469 1448 3538 sacerdo-

132 3574 197 3633 tem
224 3574 259 3632 vt
284 3563 454 3654 plebanum
482 3569 645 3657 proprium
672 3588 730 3656 pro
757 3570 917 3655 regimine
944 3569 1140 3653 animarum,
1175 3584 1302 3633 necnon
1338 3563 1448 3656 bapti-

132 3663 268 3728 sterium
295 3680 354 3750 pro
372 3711 404 3728 ..
430 3661 628 3752 baptizandis
655 3672 688 3729 et
714 3665 902 3730 cimiterium
930 3683 988 3753 pro
1012 3660 1223 3730 ..defunctis
1249 3659 1448 3751 sepeliendis

136 3753 266 3841 ibidem,
290 3776 353 3823 nec
374 3758 475 3824 eciam
496 3778 533 3826 ee
548 3757 692 3847 predicte
706 3760 738 3825 in
755 3757 928 3846 Vlgstat
952 3755 1147 3848 parrochiali
1173 3756 1316 3826 ecclesie
1336 3759 1368 3822 in
1384 3753 1448 3823 ab·

139 3852 310 3918 seruancia
332 3849 539 3939 jnhibicionis
566 3853 732 3943 sepulture
757 3873 816 3920 seu
831 3851 996 3940 jnterdicti
1015 3851 1231 3922 ecclesiastici
1248 3849 1448 3940 qualiscum-

134 3965 195 4036 que
222 3943 376 4015 decetero
403 3948 608 4017 conformare
634 3946 815 4017 debentem.
