3150 5166
126 840 173 907 90
684 831 896 901 llonumenta

126 1046 259 1119 parreum
286 1022 442 1115 siquidem
456 1018 933 1113 quorumlibeipreindiciorunr
956 1038 1017 1089 seu
1041 1016 1252 1107 dampnorum
1277 1026 1312 1085 ct
1335 1018 1441 1085 inter-

127 1143 204 1191 caac
236 1122 263 1189 ai
301 1140 360 1209 qua
392 1118 510 1187 luerint
545 1113 691 1187 ciusdem
727 1118 918 1205 monasterii
955 1118 988 1185 in
1029 1113 1199 1207 premissis
1230 1108 1374 1181 debitam
1409 1118 1443 1181 ct

126 1216 220 1287 ccndi
248 1236 330 1283 nam.

218 1238 372 1379 gnarures
399 1304 494 1397 ijdem
532 1305 628 1374 duc.
660 1303 884 1374 .iandatcrcs
919 1312 956 1373 vi
995 1324 1093 1394 supra
1124 1297 1317 1392 spondendo
1342 1300 1440 1371 taut-

126 1406 202 1475 ualc
228 1406 458 1497 promiserant,
490 1422 527 1468 sa
552 1398 678 1489 quidem
704 1401 908 1468 conmuniter
942 1395 1034 1467 relle
1067 1406 1101 1467 et
1124 1394 1247 1465 debore
1269 1392 1350 1465 dare
1374 1416 1438 1487 pa-

125 1522 205 1591 paro
228 1510 262 1570 ct
285 1498 418 1569 srrlucre
454 1497 644 1585 quantocius
670 1496 894 1587 septingentae
926 1492 1026 1562 libras
1062 1490 1256 1563 hallensium
1280 1488 1438 1581 tegattun

125 1608 159 1665 at
183 1596 360 1663 datiaaram
389 1595 426 1679 jn
456 1588 611 1659 fabricam
646 1610 706 1659 sea
731 1598 924 1660 structuram
959 1609 999 1659 ao
1030 1586 1297 1659 melioracionem
1322 1586 1440 1678 ltospi-

126 1692 200 1761 talia
226 1689 381 1759 ciusdem.

221 1786 433 1853 itatinacrant
458 1788 564 1847 tamen
598 1778 693 1868 ijdem
719 1830 727 1845 .
755 1831 762 1847 .
787 1777 978 1847 laudatores
1016 1774 1184 1867 sibiipsis
1208 1784 1327 1868 ctpro
1352 1784 1442 1845 tcm-

126 1902 206 1969 pcra
233 1882 298 1946 rita
323 1896 436 1943 aarum
472 1874 636 1943 darrrtaxut
672 1872 799 1964 plenam
825 1882 858 1943 ct
891 1871 1024 1942 liberam
1066 1880 1261 1962 potestatem
1296 1870 1444 1961 legitime

126 1996 165 2041 ac
190 1971 308 2059 lupatis
334 1970 605 2037 aministracicnis
631 1965 855 2058 temporalium
878 1965 1038 2035 bonorum
1072 1976 1105 2035 et
1125 1968 1245 2055 jariun
1270 1964 1442 2057 lraspitaiis

126 2066 272 2159 predicti,
298 2086 356 2157 pra
383 2060 597 2153 passibilitata
623 2071 730 2131 tamen
765 2080 878 2131 corum
904 2064 1045 2130 omnium
1071 2071 1105 2130 et
1129 2058 1334 2147 singularum
1359 2058 1454 2129 suir-·

125 2166 249 2231 rtarrrcia
276 2178 406 2249 sarrrpcr
431 2156 523 2224 salua
549 2154 776 2225 nichilominus
800 2176 973 2226 remanere
997 2152 1146 2223 debente.

220 2256 361 2345 insuper
386 2272 513 2341 quicqua
539 2253 601 2341 ipsi
626 2249 688 2319 dac
713 2299 722 2319 .
746 2302 753 2317 .
777 2250 967 2321 laudatores
992 2259 1026 2319 ct
1049 2251 1154 2339 quiuis
1178 2269 1294 2317 coram
1318 2269 1379 2341 pro
1404 2270 1444 2319 se

126 2360 159 2417 ct
184 2352 272 2417 atris.
296 2345 493 2415 ,liccadilrus
519 2348 684 2413 vuiaersis
708 2342 805 2413 nobis
830 2344 957 2435 quidem
983 2355 1015 2413 et
1039 2343 1253 2433 subscripto.
1281 2347 1442 2413 .natariu

147 2442 253 2512 ablica
283 2464 345 2532 qao
383 2440 612 2530 supranomine
639 2437 863 2528 stipulantibus
900 2438 1163 2528 [promiserant]‚
1195 2438 1235 2506 dc
1261 2435 1442 2524 huiuamodi

124 2466 295 2629 iaapitalis
321 2547 353 2603 at
365 2531 513 2624 cappella
538 2531 739 2601 fundacionis
753 2543 786 2602 et
810 2533 989 2602 dotacionis
1016 2531 1110 2600 ironis
1126 2555 1248 2625 porcos
1262 2542 1295 2600 vt
1309 2532 1442 2623 preicr-

127 2644 176 2700 tar
201 2632 327 2701 donariis
354 2628 502 2697 omnibus
531 2637 562 2695 at
588 2628 725 2716 singulis
743 2631 934 2719 supratactis
961 2636 994 2696 et
1018 2627 1099 2695 inira
1126 2629 1252 2719 plenius
1268 2627 1442 2719 descriptis

128 2726 348 2815 gwarantliam
381 2745 440 2792 aaa
466 2726 653 2789 caucicncnr
689 2722 803 2789 dictam
843 2724 1014 2811 wlgariter
1052 2721 1296 2792 warschuit
1331 2722 1442 2790 iacere

126 2818 301 2889 secandum
328 2822 405 2887 iaris
431 2820 578 2885 canonici
604 2825 636 2883 et
662 2816 765 2884 ciuilis
788 2820 990 2902 exigenciam
1025 2829 1058 2885 et
1082 2829 1171 2887 terre
1195 2814 1441 2886 Frankanie

126 2914 391 2983 cousuetudinem
417 2912 485 2979 irari
512 2909 647 2979 debitam
675 2922 706 2978 ct
732 2922 934 2995 consuetam,
961 2933 1088 2981 necnon
1114 2916 1276 3003 premissa
1302 2923 1334 2980 et
1358 2912 1441 2979 sult-

127 3014 245 3099 acripta
271 3010 377 3075 arania
404 3016 436 3075 ct
460 3005 588 3093 singula
614 3016 769 3096 perpetue
795 3018 887 3095 grata
914 3017 980 3074 rata
1008 3018 1039 3074 et
1064 3006 1155 3076 irrma
1178 3006 1297 3075 habere
1322 3029 1361 3073 ac
1387 3018 1441 3075 te-

127 3126 218 3186 ncre,
244 3113 277 3169 ct
301 3124 364 3169 nan
390 3102 615 3169 contrafacere
641 3102 695 3168 vel
724 3105 836 3169 venire
862 3124 921 3192 per
947 3123 984 3170 se
1015 3103 1110 3170 aliam
1138 3124 1197 3170 seu
1223 3103 1306 3171 alias
1330 3102 1440 3190 quali-

126 3218 261 3285 cauupac
287 3218 384 3265 carran
410 3198 541 3285 ingania
568 3194 673 3263 stadia
701 3195 755 3263 vcl
782 3197 909 3264 cautela
935 3196 974 3264 de
1000 3199 1070 3264 iure
1103 3209 1156 3265 aut
1191 3197 1231 3265 de
1256 3198 1342 3264 lacta
1369 3217 1439 3262 curn

128 3292 179 3359 val
207 3294 277 3357 alac
302 3292 418 3358 iudicio
446 3289 672 3359 ecclesiastica
699 3291 754 3357 vel
781 3291 953 3368 mundano,
987 3312 1091 3380 neque
1117 3291 1297 3360 huiusmodi
1322 3291 1440 3380 hospi-

127 3384 181 3453 tali
209 3385 260 3451 rai
289 3438 320 3453 ..
347 3384 540 3475 pauperibus
567 3394 619 3453 aut
644 3385 740 3452 alicui
756 3405 868 3452 eorum
893 3389 1025 3453 nomine
1052 3385 1175 3454 directe
1200 3386 1255 3455 vel
1282 3384 1440 3456 indirecte

127 3477 229 3547 rurba
257 3480 410 3547 vcliacla
437 3478 563 3569 publice
589 3489 642 3547 aut
668 3479 797 3550 occulte
812 3501 909 3570 super
935 3480 1058 3548 eisdem
1076 3481 1170 3551 barris
1197 3485 1308 3550 suisne
1333 3484 1439 3570 pcrti-

127 3576 252 3643 nanciis
278 3598 316 3641 ac
341 3572 462 3641 iuribus
488 3576 681 3641 coniunctim
706 3574 761 3641 vel
789 3574 913 3643 diuisim
954 3597 1083 3643 exnunc
1108 3575 1163 3645 vel
1197 3579 1325 3643 inantea
1350 3574 1439 3643 litem

128 3690 187 3741 aaa
212 3670 470 3739 controuersiam
497 3687 630 3736 mouera
655 3689 717 3736 nec
742 3668 875 3755 inferre,
901 3690 1006 3758 neque
1033 3721 1041 3736 .
1069 3721 1076 3735 .
1103 3671 1253 3738 inferenti
1290 3691 1439 3738 consen-

126 3768 200 3846 tire,
224 3786 287 3831 nac
312 3766 360 3831 sic
385 3771 438 3828 arat
473 3761 553 3831 alias
586 3763 656 3831 vilo
684 3784 821 3852 rnqaann
859 3774 1007 3853 ternpore
1041 3769 1112 3832 siue
1148 3764 1245 3833 modo
1271 3763 1439 3853 quidquam

125 3858 236 3928 iaccrc
261 3879 318 3947 pcr
342 3856 427 3945 quad
452 3858 483 3924 iu
509 3859 677 3948 premissis
693 3868 807 3949 posset
823 3861 871 3926 eis
897 3856 1025 3948 aliquod
1040 3858 1248 3948 prciadicium
1275 3861 1440 3946 generari,

127 3953 185 4025 sed
212 3950 390 4038 lraiasmadj
418 3950 502 4019 bana
528 3955 634 4019 omniu
659 3963 692 4021 ct
717 3953 845 4041 singula
871 3975 941 4022 cum
968 3956 1034 4021 sais
1062 3956 1270 4043 pertinenciis
1296 3963 1329 4020 et
1350 3956 1438 4040 juri-

125 4049 184 4119 bua
211 4050 373 4115 vniacrsis
398 4043 549 4135 hospitali
574 4054 606 4113 et
632 4100 638 4115 .
668 4100 675 4114 .
702 4047 896 4139 pauperibus
922 4047 1114 4139 supradictis
1139 4058 1201 4116 tam
1226 4051 1259 4116 in
1283 4050 1438 4137 proprie-

125 4154 191 4213 tate
215 4163 307 4231 tpuam
334 4145 364 4209 in
391 4144 605 4233 possessione
630 4141 669 4210 ub
695 4147 782 4211 omni
808 4165 948 4233 persona
975 4153 1008 4212 et
1034 4146 1248 4212 vniacrsttatc
1275 4164 1333 4212 sca
1361 4143 1437 4209 col-

125 4236 214 4327 legia
239 4236 385 4328 legitime
411 4236 592 4326 disbrigurc
629 4237 804 4308 detentere
844 4241 1046 4308 auctorizare
1079 4260 1117 4306 ac
1143 4241 1245 4306 eciam
1281 4238 1438 4328 expedire
