3158 4732
164 546 236 618 340
706 543 917 614 blonnmenta

166 737 300 807 sterium
327 733 562 825 pertinentibus
587 731 627 802 ab
651 734 782 824 antiquo
806 735 902 801 trium
923 731 1121 802 maldrornm
1146 751 1218 800 cum
1244 730 1375 802 dimidio
1402 732 1481 803 sili-

166 834 252 921 ginis
279 850 351 899 com
376 829 520 921 predicta
545 850 697 898 mensura
729 827 814 900 diota
846 839 984 896 metae
1005 831 1073 919 Jpsi
1097 829 1326 919 procuracioni
1349 831 1484 897 nomine

166 926 243 995 dicti
278 928 467 1014 monasterii
507 934 540 993 et
574 944 633 1015 pro
669 944 712 992 eo
750 933 898 1014 tempora
935 927 1090 993 messium
1126 925 1287 992 annuatim
1319 922 1482 993 soluendi.

165 1022 323 1091 Preteraa
348 1018 507 1090 sacrificia
533 1040 572 1087 ae
596 1017 786 1088 oblaciones
803 1040 866 1110 que
880 1017 998 1087 cedunt
1019 1040 1058 1086 ac
1083 1017 1202 1086 cedere
1227 1028 1365 1108 possunt
1389 1021 1484 1087 annis

167 1116 305 1205 singulis
342 1117 374 1182 in
406 1114 494 1184 festo
528 1117 630 1183 sancti
655 1114 722 1181 Viti
754 1116 788 1181 in
819 1113 989 1206 parrochia
1025 1112 1106 1183 ville
1139 1113 1341 1182 llocbaim
1366 1122 1400 1182 et
1424 1134 1485 1204 per

168 1210 323 1279 circulum
339 1212 496 1300 oniasque
520 1211 594 1278 anni
619 1211 651 1277 in
664 1207 835 1299 parrochia
859 1209 941 1279 ville
955 1206 1313 1278 Gunderslaubcn
1338 1206 1484 1277 eiusdem

169 1305 325 1398 dyocesis
338 1303 692 1396 herbipolensis,
715 1325 777 1394 qua
793 1307 955 1394 pertinent
969 1303 1009 1372 ad
1024 1306 1258 1372 monasterium
1273 1302 1486 1395 sepedictum,

170 1400 316 1493 predicta
340 1401 533 1488 procuracio
559 1404 708 1490 optinere
731 1396 868 1467 debebit.
931 1397 1086 1468 Attamen
1119 1396 1254 1466 abbacia
1285 1420 1345 1488 pro
1379 1397 1486 1468 media

169 1505 203 1565 et
227 1493 374 1566 custodia
399 1493 516 1562 ibidem
541 1515 601 1585 pro
627 1494 750 1583 reliqua
782 1503 874 1584 parta
908 1514 1017 1562 ceram
1043 1503 1077 1562 at
1101 1491 1254 1563 candelas
1279 1515 1342 1584 quc
1365 1492 1485 1562 ibidem

169 1593 203 1659 in
235 1589 442 1659 llochcim
476 1600 553 1659 tuno
582 1609 642 1681 pro
675 1599 823 1681 tempore
857 1587 967 1658 oblate
1001 1588 1122 1657 fuerint
1157 1591 1351 1681 participare
1377 1586 1485 1657 dabo-

169 1684 257 1753 bunt.
325 1682 361 1752 Si
400 1694 507 1753 autem
543 1683 724 1772 huiusmodj
758 1687 789 1752 in
820 1682 1022 1753 Hocbaim
1058 1681 1251 1753 sacrificium
1286 1706 1347 1756 seu
1385 1682 1485 1753 obla-

170 1782 285 1849 ciones
318 1799 425 1847 annue
462 1777 502 1847 ab
540 1781 614 1871 ipso
660 1782 860 1849 monasterio
894 1831 902 1847 .
940 1776 1116 1870 ‚plebano
1156 1777 1275 1847 ibidem
1313 1788 1487 1870 acceptare

170 1874 297 1945 volenti
333 1894 392 1964 pro
428 1893 487 1942 sua
525 1894 630 1942 annua
668 1884 795 1944 carrata
820 1877 933 1945 vinia
966 1925 1006 1942 ..
1037 1882 1199 1942 conuentu
1231 1882 1267 1942 ut
1290 1877 1487 1964 premittitur

171 1968 381 2038 ministranda
413 1970 613 2059 inposterum
646 1966 767 2035 fuerint
801 1967 972 2060 deputate,
1007 1978 1084 2037 tunc
1115 1971 1186 2059 ipsa
1221 1970 1415 2059 procuracio
1453 1972 1486 2036 in

171 2084 408 2153 reconpansam
423 2062 572 2152 sacrificij
599 2062 853 2132 acoblacionum
869 2061 1049 2151 huiusmodj
1074 2063 1324 2134 inllocbeim
1350 2061 1487 2132 candem

172 2167 330 2228 carratam
354 2160 423 2226 vini
448 2158 569 2228 habere
594 2161 686 2228 annis
712 2158 849 2247 singulis
886 2161 919 2226 in
953 2166 1127 2248 autumpno
1161 2156 1299 2228 debebit.
1348 2159 1488 2228 Domum

174 2257 278 2323 eciam
302 2253 387 2322 bona
412 2252 556 2322 redditus
582 2263 615 2322 et
640 2274 759 2323 census
776 2257 958 2323 existentes
974 2251 1130 2320 hactenus
1156 2250 1291 2321 abbacie
1314 2274 1376 2322 sau
1401 2275 1489 2323 con·

109 2372 116 2389 ·
173 2358 290 2419 uentus
321 2347 439 2417 ibidem
471 2347 511 2414 de
548 2348 662 2438 quibus
695 2370 793 2440 supra
822 2352 906 2417 inter
937 2347 1024 2418 bona
1056 2345 1192 2416 abbacie
1217 2369 1278 2416 sau
1303 2358 1487 2422 conuentus

175 2447 347 2535 separatim
391 2463 551 2533 expressa
593 2444 683 2511 nulla
726 2444 761 2512 lit
799 2447 926 2512 mencio
971 2446 1165 2534 expressiua
1209 2442 1353 2535 predicta
1402 2465 1487 2535 pro-

175 2544 306 2608 curacio
340 2548 498 2630 perpetuo
523 2537 683 2606 retinebit.
734 2539 934 2612 Cellerarius
960 2547 1065 2606 autem
1091 2560 1135 2607 ex
1158 2549 1251 2628 parte
1276 2591 1309 2607 ..
1336 2560 1489 2609 conuen-

174 2644 239 2717 tus,
264 2644 297 2701 et
321 2655 406 2703 unus
432 2656 475 2702 ex
499 2633 638 2724 capitulo
665 2636 872 2703 conuentaali
897 2631 1014 2702 ibidem
1038 2632 1078 2700 ad
1103 2633 1167 2701 boc
1189 2633 1339 2726 ydoneus
1363 2656 1424 2726 per
1448 2687 1488 2703 ..

176 2727 324 2796 abbatem
359 2751 458 2819 super
490 2750 579 2799 suam
613 2731 854 2798 conscienciam
887 2731 1078 2820 quantocius
1104 2726 1303 2819 deputandus
1329 2739 1489 2819 exparte

178 2823 332 2907 abbacie,
364 2824 545 2912 huiusmodj
583 2827 861 2915 procuracionis.
898 2832 1166 2916 ,procuratores
1203 2845 1263 2893 seu
1296 2828 1489 2913 prouisores

177 2922 435 2987 aministratores
461 2929 494 2985 et
519 2920 764 3009 dispensatores
789 2919 916 3010 prouidi
952 2930 985 2987 et
1009 2917 1122 2986 fideles
1149 2940 1188 2986 ac
1212 2917 1252 2985 de
1276 2917 1431 2986 fidelitate
1457 2929 1491 2987 et

176 3015 317 3082 utilitate
342 3034 401 3104 pro
427 3033 485 3080 sua
511 3015 727 3102 possibilitate
759 3023 792 3082 at
816 3017 888 3082 sine
920 3035 1001 3082 vara
1027 3036 1087 3083 seu
1111 3013 1225 3083 fraude
1250 3016 1282 3081 in
1306 3012 1488 3101 huiusmodi

178 3112 425 3199 procuracionis
451 3107 558 3175 allicio
592 3108 730 3177 fideliter
761 3107 963 3201 procuranda
993 3112 1091 3196 jurati
1127 3119 1160 3177 et
1192 3112 1315 3177 astricti
1348 3108 1491 3200 desuper

179 3225 258 3273 esse
293 3203 421 3271 debent.
477 3203 618 3272 Pecunia
652 3226 780 3293 quoquo
814 3226 858 3273 ex
892 3207 1131 3295 procuracione
1156 3205 1432 3294 qualitercumque
1458 3213 1492 3273 ct

179 3296 444 3389 quandocumque
482 3300 680 3389 proueniens
714 3299 809 3368 debet
843 3301 1033 3390 quantocius
1058 3301 1091 3365 in
1127 3296 1274 3366 custodia
1310 3296 1428 3387 deponi
1460 3308 1493 3367 et

180 3396 306 3461 seruari
332 3397 364 3461 in
391 3394 627 3462 conseruaculo
654 3394 801 3482 speciali,
838 3406 947 3465 serato
973 3393 1101 3484 quidem
1127 3414 1197 3460 cum
1224 3390 1324 3460 tribus
1349 3395 1434 3461 seris
1460 3403 1493 3461 et

180 3487 325 3555 clauibus
352 3489 503 3572 diuersis,
529 3511 659 3578 quarum
685 3510 780 3556 unam
808 3539 816 3555 .
843 3542 851 3556 .
877 3494 985 3580 prior,
1020 3487 1193 3559 secundam
1220 3487 1423 3571 cellerarius,
1459 3497 1493 3556 et

182 3586 252 3651 cius
280 3635 287 3649 .
315 3634 322 3650 .
350 3587 460 3652 socius
493 3584 661 3653 iamdictus
698 3588 831 3652 terciam
866 3589 1009 3653 retinere
1046 3584 1224 3669 dehebant,
1255 3586 1291 3670 jn
1322 3585 1492 3672 premissis

181 3699 278 3764 vero,
303 3682 474 3768 presertim
500 3680 531 3745 in
556 3679 714 3748 faciendis
740 3682 929 3762 structuris,
962 3689 995 3745 et
1026 3679 1192 3747 ornatibus
1229 3678 1371 3746 ecclesia
1406 3697 1494 3745 con-

181 3772 353 3863 parandis,
385 3796 425 3848 ac
456 3772 666 3864 procurandis
697 3785 732 3842 ut
763 3775 923 3865 prefertur
948 3772 1083 3841 insumis
1109 3773 1284 3842 secundam
1321 3770 1493 3840 consilium

183 3877 216 3935 et
253 3872 375 3936 iussum
412 3920 420 3935 .
459 3920 466 3935 .
501 3867 623 3935 abbatis
657 3920 664 3934 .
706 3920 713 3934 .
748 3873 867 3960 prioris
893 3922 901 3937 .
928 3917 936 3935 .
963 3869 1125 3956 cellerarij
1153 3922 1161 3936 .
1188 3921 1195 3937 .
1222 3866 1364 3938 custodis
1390 3876 1424 3934 et
1449 3919 1494 3935 ..

183 3965 325 4030 senioris
339 3962 379 4031 de
395 3964 535 4054 capitulo
555 3961 672 4030 ibidem
685 3974 738 4030 aut
763 3964 879 4034 saltem
904 3968 1037 4033 maioris
1062 3986 1197 4033 numero
1223 3983 1335 4032 eorum
1360 3962 1494 4054 parlti]s
