3158 4732
135 474 206 542 480
688 470 895 540 Monumenta

135 659 283 752 byterale
309 659 420 728 altaris
455 657 589 749 predicti
615 658 655 727 de
680 681 847 728 consensu
874 659 1075 729 honorabilis
1107 660 1308 730 Heinrici
1335 663 1445 731 decani

136 768 169 822 ot
194 807 201 822 .
229 807 236 821 .
262 753 392 844 capituli
425 754 569 823 ecclesie
594 754 771 843 collegiata
799 755 943 844 predicte
963 758 1000 843 jn
1025 759 1156 824 nomine
1189 759 1290 844 patris
1325 767 1360 824 et
1394 756 1443 844 lilij

136 859 168 917 et
192 852 325 939 spiritus
358 855 460 917 sancti
496 853 652 919 canonice
685 853 717 918 in
749 848 812 918 biis
845 853 975 940 scriptis
1004 852 1204 935 instituimus
1233 851 1444 942 jntytulamus

135 947 372 1012 auctorizamus
407 964 446 1011 ac
471 947 573 1012 eciam
607 942 853 1030 confirmamus,
887 948 1050 1036 perpetuis
1085 944 1213 1034 quidem
1248 946 1445 1035 temporibus

135 1038 241 1107 diuina
265 1039 396 1106 iouente
421 1039 598 1106 clemencia
624 1039 818 1106 duraturum.

228 1134 475 1223 Juspatronatos
508 1144 613 1200 autem
646 1132 793 1221 benebcij
828 1131 1009 1201 huiusmodi
1045 1136 1195 1201 missario
1229 1155 1289 1201 seu
1325 1138 1445 1203 vicarie

135 1227 173 1293 ad
200 1228 367 1295 custodem
403 1231 504 1316 ipsius
532 1229 708 1316 collegiute
734 1228 879 1295 ecclesie
905 1227 1068 1296 dumtaxat
1102 1250 1159 1317 pro
1196 1240 1345 1318 tempore
1382 1251 1443 1298 ex-

134 1325 285 1391 istentem
309 1320 405 1390 debet
431 1326 586 1412 perpetim
613 1326 788 1411 pertinere,
799 1325 846 1409 jta
861 1322 1017 1390 uidelicet
1032 1322 1115 1412 quod
1138 1322 1320 1390 huiusmodi
1336 1336 1445 1392 custos

134 1421 187 1506 qui
214 1439 272 1505 pro
285 1428 433 1507 tempore
457 1417 565 1500 luerit,
585 1419 782 1507 irrequisitis
809 1420 840 1484 in
858 1418 1074 1485 eo..deeano
1100 1428 1133 1487 et
1147 1470 1154 1485 .
1169 1468 1177 1484 .
1191 1418 1332 1507 capitulo
1349 1430 1446 1487 ante·

134 1510 241 1596 dictis,
266 1533 328 1580 nec
352 1516 454 1602 ipsum
480 1510 648 1580 custodem
685 1516 716 1580 in
748 1511 812 1579 boo
842 1512 1004 1602 Jmpedire
1037 1511 1228 1580 debentibus
1262 1533 1446 1601 quoquam-

135 1605 251 1691 mudo,
276 1606 438 1697 ydoneum
466 1657 473 1672 .
501 1657 508 1672 .
535 1607 689 1674 clericum
712 1606 913 1690 secularem,
939 1616 1012 1673 actu
1038 1607 1265 1697 presbyterum
1292 1612 1445 1676 existen-

137 1709 221 1785 tem,
245 1702 299 1768 uel
326 1701 440 1768 saltem
467 1700 549 1767 inira
575 1721 690 1769 annom
710 1723 727 1768 a
751 1710 898 1791 tempore
922 1702 1037 1791 adepte
1060 1700 1196 1790 pacifice
1222 1705 1444 1790 possessionis

133 1792 280 1882 benefici]
317 1794 498 1862 huiusmodi
524 1796 757 1885 conputandum
792 1796 918 1884 [vtique
951 1794 1263 1885 presbiterandom]‚
1296 1794 1444 1885 legitimo

134 1900 239 1957 tamen
260 1889 493 1978 impedimento
520 1900 683 1972 cessante,
709 1889 748 1956 ad
774 1892 876 1979 ipsum
901 1888 1092 1957 beneficium
1113 1911 1183 1956 curn
1200 1895 1367 1958 vacuuerit
1387 1914 1444 1980 pro

134 1988 285 2051 missario
319 2005 377 2051 seu
401 1986 526 2051 vicario
548 1984 633 2071 inira
653 1987 737 2071 juris
771 1995 895 2074 tempus
933 1985 1057 2053 decano
1092 1982 1234 2073 predicte
1268 1985 1445 2074 collegiata

134 2078 278 2145 ecclesie
296 2087 486 2167 presentare
512 2076 655 2145 debebit:
683 2079 823 2166 alioquin
843 2082 944 2168 ipsius
969 2076 1116 2166 benebcij
1143 2078 1341 2146 collacione
1363 2101 1444 2169 pro-

133 2175 217 2240 uisio
234 2172 272 2240 ad
292 2173 354 2240 loci
380 2175 568 2263 episcopum
594 2194 652 2262 pro
679 2173 734 2240 illa
760 2175 835 2242 vica
860 2172 1077 2242 tantummodo
1104 2170 1286 2263 pertinebit.

229 2266 405 2335 Statuendo
431 2288 560 2357 quoque
587 2266 860 2355 jrrelragabiliter
886 2268 1089 2350 ordinamus,
1123 2266 1209 2356 quod
1240 2267 1408 2357 quilibet.
1436 2322 1443 2336 .

134 2365 304 2429 missorius
331 2382 389 2429 sou
417 2365 609 2428 ..vicarius
634 2361 816 2429 huiusmodi
842 2362 881 2429 ad
907 2361 1107 2429 officiandum
1134 2383 1223 2429 suum
1250 2363 1444 2432 antedictum

134 2454 237 2523 altars
264 2465 359 2545 prout
384 2454 560 2523 altissimus
587 2458 810 2545 inspirauarit‚
842 2478 969 2525 necnon
1001 2456 1041 2524 ud
1065 2456 1244 2524 faciendum
1279 2462 1445 2526 omniunt

134 2550 263 2639 singula
289 2550 327 2618 ad
353 2571 414 2639 que
441 2603 448 2616 .
472 2604 478 2617 .
506 2553 619 2639 vicarij
646 2550 790 2618 ecclesia
815 2552 975 2620 antedicta
1001 2552 1137 2640 dejure
1163 2573 1221 2619 seu
1248 2563 1445 2619 conswetu-

132 2645 206 2712 dine
233 2668 271 2711 ao
296 2646 509 2714 obseruanciu
535 2650 634 2733 ipsius
670 2646 813 2712 ecclesie
839 2652 1059 2734 astringuntur
1085 2649 1187 2713 eciam
1214 2648 1256 2713 sit
1281 2649 1445 2729 astrictus,

133 2740 279 2828 quodque
305 2739 453 2807 omnibus
480 2749 511 2806 et
537 2739 674 2827 singolis
700 2741 813 2827 quibus
840 2741 1085 2826 dicti..vicarij
1113 2740 1253 2828 gaudent
1276 2741 1444 2827 gaudere-

133 2856 195 2922 que
221 2831 381 2901 debebunt
400 2835 492 2919 juxta
518 2854 640 2900 morem
667 2844 699 2899 et
724 2834 971 2901 obseruanciam
1009 2837 1109 2922 ipsius
1136 2833 1278 2902 ecclesie
1304 2836 1445 2924 gaudeat

133 2928 310 3016 debeatque
334 2927 487 3016 gaudere.

228 3023 331 3090 Porro
365 3022 450 3090 bona
487 3045 525 3089 ac
557 3022 699 3090 redditus
726 3027 796 3090 siue
823 3045 941 3091 census
969 3045 1038 3090 curn
1073 3022 1186 3112 quibus
1212 3022 1294 3088 dicta
1320 3026 1444 3092 vicaria

132 3140 190 3184 seo
217 3120 363 3185 missoria
390 3137 519 3183 exnunc
551 3117 657 3183 dotata
684 3126 734 3182 est
765 3138 803 3183 ac
829 3118 963 3206 amplius
991 3116 1150 3184 dotabitur
1178 3117 1356 3203 joluturum
1384 3140 1445 3186 re-

133 3233 210 3278 uera
235 3210 308 3278 iore
334 3212 559 3278 ecclesiastice
585 3209 743 3277 libertatis
770 3233 828 3277 seu
855 3214 1037 3277 emunitatis
1071 3211 1275 3280 decernimus
1301 3220 1334 3277 et
1359 3235 1443 3302 pro-

132 3309 318 3373 nunciamus
355 3306 500 3393 legitime
535 3311 565 3372 in
599 3305 659 3374 hiis
697 3309 846 3396 scriptis,
880 3309 1062 3373 eximentes
1097 3326 1136 3371 ea
1171 3314 1204 3372 et
1238 3308 1444 3394 presentibus

133 3402 375 3489 promulgantes
417 3412 564 3488 exempta
606 3422 623 3465 a
660 3405 815 3488 precarijs
857 3405 954 3468 sturis
993 3398 1163 3488 herbergis
1195 3421 1252 3466 seu
1286 3399 1444 3491 hospicijs

132 3518 170 3562 ac
196 3497 427 3563 uniuersaliter
442 3493 480 3560 ab
497 3499 581 3583 omnj
605 3497 686 3582 jugo
714 3516 771 3560 seu
799 3518 900 3562 onere
927 3494 1099 3562 cuiuslibet
1123 3493 1219 3587 layca
1244 3516 1301 3562 ssu
1329 3497 1445 3564 illicite

153 3595 312 3658 otestutis.

131 3613 149 3679 p
225 3686 264 3752 ln
298 3706 429 3773 quorum
471 3688 610 3752 omnium
645 3694 676 3751 et
717 3684 916 3772 singolorum
956 3686 1188 3773 premissorum
1222 3688 1444 3753 testimonium

131 3792 318 3869 perpetuum
345 3790 438 3868 utque
464 3779 563 3847 robur
588 3780 644 3846 bas
671 3779 794 3848 litteras
824 3779 965 3868 desuper
992 3782 1193 3869 conscriptus
1221 3779 1444 3850 rruandauimus

131 3879 233 3942 nostri
260 3874 357 3962 sigillj
384 3878 582 3964 appensione
609 3877 733 3961 munirj.
