3158 4732
153 562 222 631 336
708 561 915 631 Monumenta

154 754 257 819 eciam
294 753 394 841 ipsius
429 800 436 814 .
472 806 480 822 .
513 752 631 839 prioris
665 761 742 818 voto
779 761 812 818 et
837 753 956 818 motiua
982 753 1013 817 in
1039 749 1100 816 bac
1124 761 1215 840 parte
1240 749 1408 839 sigillatim
1434 761 1469 818 et

155 845 298 914 sollicite
323 843 469 911 habuerit
495 847 649 932 requisita
677 884 721 893 -
746 855 821 911 tanc
848 846 921 911 do.
961 898 968 912 .
996 844 1171 912 cellerario
1199 849 1301 932 magis
1333 844 1467 935 ydoneo

155 960 253 1029 super
279 959 369 1006 suam
395 940 633 1006 conscienciam
661 990 668 1004 .
696 991 703 1005 .
730 943 904 1006 corruentui
930 939 1103 1029 prouidere
1128 937 1267 1006 debebit.
1318 938 1412 1021 Quod
1439 943 1469 1007 si

155 1034 278 1103 nullum
303 1036 535 1123 premissorum
563 1032 643 1098 inira
670 1042 770 1100 totum
803 1045 929 1123 tempus
955 1034 1131 1123 predictum
1156 1033 1275 1101 facturn
1301 1035 1408 1117 inerit,
1435 1045 1469 1101 ut

155 1128 328 1220 prefertur,
355 1137 474 1195 extunc
500 1178 507 1192 .
536 1179 543 1193 .
569 1130 743 1217 episcopus
767 1127 1114 1218 herbipolensis,
1139 1149 1198 1196 seu
1223 1127 1303 1195 sede
1329 1139 1468 1196 vacante

156 1227 257 1315 ipsius
284 1221 428 1290 ecclesie
454 1221 583 1311 capituli
609 1224 640 1288 in
667 1222 883 1311 spiritualibus
910 1226 1002 1291 vices
1028 1244 1162 1311 gerens,
1184 1222 1243 1309 jlla
1268 1226 1343 1290 vice
1369 1225 1468 1299 dum-

156 1328 246 1386 taxat
270 1315 309 1383 de
331 1320 405 1406 ipso
433 1315 606 1383 cellerario
621 1315 752 1407 ydoneo
780 1339 823 1385 ex
848 1318 933 1385 dioto
957 1317 1165 1386 conuentuali
1191 1318 1330 1406 capitulo
1356 1321 1468 1407 vtique

157 1410 351 1480 assumendo
378 1413 567 1500 quantocius
592 1412 764 1500 prouidere
790 1410 924 1497 curabit,
950 1434 1021 1479 cum
1037 1412 1213 1501 periculum
1240 1415 1338 1479 sitin
1363 1434 1466 1480 mora.

156 1509 309 1576 Attamen
336 1509 367 1572 in
393 1508 562 1594 premissis
589 1509 694 1572 omnis
721 1510 892 1596 corrupcio
919 1528 977 1574 seu
1003 1506 1141 1595 reproba
1168 1506 1309 1574 inductio
1337 1527 1467 1594 precum

157 1604 257 1692 precij
285 1601 347 1687 odij
374 1622 413 1671 ao
437 1599 560 1668 lauoris
586 1620 719 1688 prorsus
736 1622 869 1668 cessare
896 1604 926 1669 in
942 1605 1110 1690 premissis
1137 1599 1274 1668 debebit.
1326 1601 1470 1682 Qitilibet

156 1706 260 1763 autern
289 1748 296 1761 .
324 1747 331 1761 .
358 1694 550 1762 cellerarius
585 1695 709 1762 annalis
739 1695 903 1762 dumtaxat
928 1694 1023 1763 debet
1047 1699 1152 1762 statim
1178 1705 1252 1762 ante
1277 1699 1468 1763 aministra-

158 1794 282 1857 cionem
310 1793 358 1856 sui
385 1787 481 1876 olicij
508 1788 630 1878 absque
657 1788 817 1857 dilacione
849 1800 882 1856 et
907 1790 1195 1858 contradictione.
1234 1841 1241 1855 .
1268 1794 1366 1879 priori
1406 1812 1467 1859 suo

157 1895 189 1953 et
225 1888 325 1973 ipsius
361 1893 540 1951 conuentus
579 1887 709 1951 nornine
743 1895 775 1951 et
800 1905 858 1973 pro
885 1906 924 1950 ac
949 1907 1056 1952 corani
1080 1888 1152 1974 ipso
1178 1936 1186 1951 .
1214 1936 1221 1950 .
1248 1896 1411 1952 conuenta
1435 1890 1468 1952 in

159 1979 299 2068 capitulo
326 1977 441 2044 ibidem
467 1980 656 2067 promittere
681 1978 827 2061 lidedata,
853 2000 892 2045 ao
908 1982 1009 2045 eciam
1027 1978 1085 2045 snb
1101 1977 1186 2046 stola
1211 1978 1251 2045 ad
1276 1989 1388 2048 sancta
1416 1978 1467 2046 dei

158 2073 342 2161 ewangelio
366 2076 579 2162 juramentum
593 2083 753 2162 prestare,
778 2074 862 2161 quod
887 2077 957 2162 ipse
984 2073 1064 2142 velit
1089 2083 1122 2141 et
1137 2072 1253 2140 debeat
1273 2077 1304 2141 in
1320 2072 1467 2141 omuibus

158 2179 190 2236 et
227 2167 364 2256 singulis
400 2166 504 2236 sibia
539 2218 545 2232 .
580 2218 587 2232 .
627 2178 787 2234 conuentu
815 2167 946 2235 creditis
978 2190 1017 2234 ac
1051 2171 1224 2235 conmissis
1245 2170 1282 2254 jn
1318 2179 1469 2256 quiantum

158 2267 287 2330 nouerit
320 2272 352 2329 et
385 2264 526 2351 potuerit
561 2259 683 2350 absque
714 2283 794 2329 vara
828 2261 969 2351 qualibet
995 2265 1066 2330 siue
1090 2262 1203 2329 lrande
1229 2263 1319 2329 vtilia
1343 2262 1467 2345 lacere,

158 2369 191 2425 et
219 2356 342 2424 inutilia
368 2359 616 2446 pretermittere,
645 2377 683 2421 ao
708 2359 810 2423 eciam
836 2357 916 2425 alias
946 2355 1084 2424 lidelitcr
1113 2366 1145 2422 et
1170 2356 1322 2444 legaliter
1347 2361 1468 2424 arntni-

158 2463 262 2520 strare
298 2462 330 2519 et
364 2471 464 2536 agere
497 2453 528 2516 in
565 2449 744 2537 huiusmodj
778 2450 950 2518 cellerarie
986 2449 1094 2519 olficio
1128 2460 1161 2518 et
1197 2455 1374 2519 ministerio
1409 2472 1468 2541 pro

159 2549 358 2614 necessitate
395 2555 426 2611 et
463 2544 600 2612 vtilitate
635 2556 814 2613 conuentus
850 2556 882 2612 et
919 2548 1106 2632 monasterij
1134 2545 1361 2635 predictorum.
1413 2546 1471 2613 Sic

157 2662 284 2730 quoque
322 2643 448 2727 juratus
491 2639 682 2706 cellerarius
726 2640 905 2727 liuiusmodj
944 2640 1040 2727 ollicij
1082 2644 1130 2707 sui
1173 2643 1468 2709 aministracionem

159 2736 306 2802 antralem
332 2735 507 2823 plenariam
544 2745 576 2800 et
601 2735 733 2802 totalem
761 2739 790 2801 in
817 2734 1059 2823 gubernacione
1082 2734 1192 2821 judicij
1226 2745 1258 2800 et
1291 2735 1468 2802 aduocacie

158 2831 237 2898 villo
263 2828 467 2901 lloolreim
494 2829 690 2916 supradicte,
715 2851 841 2897 necnon
869 2851 967 2920 snper
993 2829 1139 2897 omnibus
1166 2828 1259 2895 bonis
1285 2852 1323 2896 ac
1349 2830 1468 2897 lamilia

159 2934 338 2993 conuentus
365 2924 566 2991 instituendis
594 2935 625 2991 et
651 2924 861 2991 destituendis
888 2925 927 2991 de
953 2946 1053 3009 nouo,
1085 2947 1123 2992 ao
1149 2927 1251 2990 eciam
1277 2928 1308 2991 in
1334 2925 1469 2991 decimis

160 3019 354 3107 colligendis
382 3029 414 3085 et
439 3018 598 3101 locandis,
620 3022 655 3104 jn
672 3019 866 3107 recipiendis
884 3024 985 3086 eciam
1000 3019 1182 3105 herbergijs
1197 3040 1254 3085 seu
1271 3022 1466 3108 pecuniariJ's

160 3117 309 3200 seruicijs
324 3134 382 3203 pro
399 3113 520 3180 eisdem
537 3135 575 3178 uo
597 3112 721 3198 juribus
737 3114 927 3201 capitalibus
945 3115 1037 3181 dictis
1053 3119 1222 3201 wlgaritor
1248 3113 1468 3201 berberge

160 3209 237 3276 vnd
272 3206 529 3296 lrauptreoltt
562 3208 699 3296 alijsqne
723 3207 846 3294 juribus
883 3212 1069 3294 monasterij
1096 3229 1135 3274 ac
1161 3219 1340 3275 conuentus
1367 3208 1464 3275 bino-

158 3304 232 3370 inde
258 3302 447 3389 indagandis
475 3323 513 3367 ac
539 3303 759 3390 requirendis,
794 3326 857 3370 non
892 3314 996 3370 tumen
1024 3307 1054 3369 in
1083 3305 1250 3391 prontissis
1277 3307 1347 3370 sine
1386 3306 1469 3370 scitu

159 3409 190 3464 et
227 3395 419 3485 requirendo
458 3395 597 3463 consilio
632 3450 639 3465 .
679 3449 685 3463 .
722 3400 838 3485 prioris
874 3456 880 3469 .
918 3451 924 3463 .
961 3397 1105 3465 custodis
1132 3408 1164 3464 et
1189 3452 1195 3465 .
1224 3449 1230 3462 .
1259 3401 1400 3465 senioris
1428 3396 1468 3464 de

161 3493 301 3581 capitulo
329 3491 381 3557 uel
407 3491 522 3557 saltem
549 3491 681 3557 duorum
709 3513 751 3558 ex
777 3497 846 3575 eis7
885 3514 1012 3559 necnon
1048 3497 1078 3558 in
1106 3490 1280 3558 redditibus
1315 3491 1467 3559 censibus

159 3587 314 3653 liuctibus
341 3608 378 3652 ac
405 3586 477 3672 alijs
504 3585 712 3674 promentibus
737 3591 901 3654 uniuersis
937 3640 943 3653 .
981 3639 988 3653 .
1028 3590 1128 3676 ipsius
1162 3597 1341 3653 conuentus
1378 3590 1469 3652 roci-

159 3674 283 3769 pierldis
311 3693 342 3747 et
368 3680 596 3747 distribuendis
623 3703 680 3768 pro
718 3732 724 3746 .
765 3733 771 3746 .
811 3692 990 3750 conuentus
1030 3685 1228 3748 necessitate
1264 3691 1296 3746 et
1332 3682 1470 3749 utilitate

159 3774 280 3841 habere
314 3785 345 3840 et
377 3796 477 3862 agere
504 3774 675 3861 diligenter
701 3775 837 3842 debebit.
888 3778 939 3843 Ac
964 3781 1064 3842 eciam
1092 3787 1239 3842 teneatur
1266 3774 1323 3841 snb
1360 3774 1469 3840 debito

159 3874 207 3936 sui
230 3873 403 3956 jurarnenti
429 3869 574 3957 predicti.
601 3870 779 3957 liuiusntodj
809 3882 938 3959 recepta
966 3884 995 3937 et
1012 3871 1177 3936 distributa
1205 3874 1309 3935 omnin
1337 3880 1369 3936 et
1395 3873 1469 3935 sin-

159 3966 234 4050 gula
260 3987 317 4054 pro
345 3975 492 4053 tempore
518 3968 567 4031 sni
594 3965 688 4051 oll'icij
723 3970 794 4034 sine
820 3987 897 4032 vara
923 3989 980 4034 seu
1014 3967 1124 4032 lratnlo
1160 3968 1350 4034 successiua
1387 3966 1469 4033 locis
