3150 5166
163 1194 373 1263 irreoocabili
400 1193 450 1282 pia
484 1191 586 1259 libera
608 1200 644 1258 et
669 1191 812 1280 perfecta
845 1191 883 1259 ed
916 1191 1103 1282 ampliorem
1137 1191 1362 1259 fundacionem
1396 1216 1473 1262 mo-

160 1294 294 1378 nasterij
321 1287 468 1380 prelibati
494 1295 527 1354 et
549 1286 734 1376 specialiter
760 1287 957 1355 obsalutare
982 1286 1156 1355 remedium
1183 1290 1288 1354 anime
1314 1287 1472 1376 quondam

161 1383 281 1453 nobilis
314 1381 504 1454 Conredi
547 1382 586 1448 de
620 1380 903 1470 Sluselberg‚
944 1386 1044 1449 eciam
1089 1383 1246 1450 delatoris
1283 1387 1471 1472 monesterij

163 1483 345 1565 memorati,
362 1481 453 1546 cuius
463 1475 588 1566 quidem
600 1475 681 1544 Con
692 1477 782 1543 rudi
796 1476 959 1544 hereditas
970 1499 1027 1544 seu
1036 1476 1230 1545 hereditarie
1240 1480 1473 1566 possessiones

162 1578 335 1664 presertim
363 1597 379 1642 e
406 1571 501 1640 nobis
528 1593 566 1638 ec
591 1572 734 1660 predicta
759 1572 901 1639 eeclesia
927 1571 1231 1662 herbipolensi
1258 1571 1474 1662 procedentes

162 1673 194 1739 in
219 1669 347 1738 feudum
374 1670 412 1737 ad
439 1689 500 1734 nos
526 1666 682 1755 siquidem
708 1688 746 1733 ac
774 1667 908 1733 eandem
931 1668 1104 1735 ecclesiam
1123 1666 1473 1757 herbipolensem

164 1787 206 1833 ex
246 1775 353 1833 morte
390 1761 534 1831 eiusdem
573 1761 730 1848 quendum
769 1759 954 1828 Conradi
1004 1762 1230 1830 ecclesiastice
1279 1764 1309 1829 in
1360 1762 1475 1830 eodem

163 1863 364 1927 monasterio
399 1856 505 1925 traditi
539 1854 706 1944 sepulture
741 1865 815 1923 sunt
846 1855 992 1943 legitime
1024 1855 1198 1940 deuolute,
1255 1860 1412 1924 canonice
1444 1868 1476 1926 et

164 1954 377 2043 solempniter
402 1953 626 2018 concessimus
652 1947 796 2017 dedimus
823 1949 1016 2032 donauimis
1041 1972 1080 2018 ao
1097 1954 1200 2017 eciam
1218 1957 1248 2019 iu
1265 1951 1326 2039 hijs
1345 1956 1474 2042 scriptis

163 2046 373 2115 concedendo
401 2044 504 2114 dando
531 2054 564 2111 et
589 2044 737 2112 donando
775 2045 883 2114 debite
920 2044 1145 2114 confirmamus
1177 2067 1216 2117 ee
1252 2046 1408 2116 tradendo
1443 2050 1474 2114 in

161 2152 350 2234 perpetuum
376 2144 591 2229 assignamus.

257 2279 297 2347 Jn
323 2281 414 2346 cuius
440 2279 489 2343 rei
513 2274 643 2343 roboris
670 2287 702 2344 et
729 2280 905 2364 testimenij
926 2276 1105 2356 firmitatem
1121 2276 1317 2366 perhennem
1334 2275 1475 2364 sigillum

163 2382 310 2441 nostrum
337 2372 378 2441 de
402 2381 517 2440 nostro
538 2370 687 2438 mandute
713 2382 763 2438 est
788 2370 862 2438 huie
882 2376 1101 2458 justrumento
1127 2394 1313 2462 appensum.

258 2507 363 2575 Porro
388 2528 450 2575 nos
475 2503 746 2573 Eberhardus
773 2504 812 2572 de
837 2505 1036 2597 Ryedern
1068 2504 1210 2572 decanus
1241 2515 1476 2595 totumque..

168 2601 339 2690 capitulum
367 2600 511 2668 ecclesie
537 2598 868 2689 herbipolensis
895 2599 1073 2689 dequibus
1100 2601 1262 2690 prefertur
1286 2622 1476 2687 recognos-

164 2699 265 2763 cimus
300 2705 331 2762 et
365 2694 574 2785 patefacimus
617 2699 718 2761 eciam
747 2693 806 2762 sub
841 2694 903 2783 hijs
930 2699 1080 2784 scriptis,
1118 2693 1201 2783 qrtod
1240 2699 1398 2784 premisso
1437 2695 1477 2763 do

165 2801 312 2859 nostrum
328 2794 468 2858 omnium
496 2789 827 2880 capitulari-assensu
855 2800 888 2857 et
914 2789 1159 2857 collaudacione
1186 2793 1354 2879 expressis
1378 2788 1476 2856 beai-

162 2886 249 2953 uolis
282 2908 321 2953 ue
353 2885 503 2975 benignis
540 2894 573 2950 ut
606 2887 798 2973 premittitur
835 2884 941 2953 debite
979 2896 1222 2974 precesserunt.
1269 2885 1309 2952 ln
1342 2906 1476 2974 qaaorum

165 2983 399 3071 premissorum
432 2978 632 3047 euidenciaun
665 2980 916 3047 testimonialem
956 2980 1098 3067 sigillum
1134 2984 1238 3047 nostri
1274 2980 1403 3069 capituli
1438 2980 1478 3047 de

162 3086 280 3143 nostro
306 3072 472 3163 capitulari
498 3095 537 3141 ec
562 3061 723 3162 expresso
749 3072 899 3141 mandato
926 3095 1143 3165 coappensum
1180 3077 1282 3142 eciam
1316 3074 1429 3141 huie
1416 3097 1477 3163 Ju-

160 3179 341 3238 strumento
367 3170 488 3236 existit.

253 3305 368 3373 Datum
394 3301 640 3394 Herbipoli‚
666 3326 749 3373 enno
776 3304 895 3393 dominj
924 3305 1095 3372 millesimo
1122 3303 1217 3373 000ο
1245 3303 1324 3389 hm,
1357 3304 1387 3371 V
1412 3304 1477 3372 ka-

161 3399 275 3470 lendas
301 3402 423 3486 murcij.

361 3539 500 3605 Utrumque
521 3540 594 3606 cujus
623 3541 718 3594 mentio
751 3541 814 3594 lucta
843 3546 883 3593 est
912 3541 1022 3608 sigillum
1054 3539 1130 3592 tuscia
1159 3539 1350 3593 membranacea
1379 3556 1410 3593 ex
1440 3541 1479 3594 his

362 3622 454 3674 litteris
475 3636 627 3690 suspensum
649 3630 696 3679 est.
1334 3646 1336 3649 ·

804 3862 844 3931 ll.

656 4026 744 4097 1350,
766 4022 812 4081 die
836 4027 861 4083 1.
884 4027 982 4083 martit.

258 4184 299 4254 ln
324 4182 374 4252 dei
400 4188 531 4272 nomine
556 4207 660 4253 amen.

258 4319 327 4389 Nos
344 4321 461 4388 Anna
492 4317 652 4389 abbatissa
669 4331 819 4410 totusque
835 4374 841 4387 .
859 4373 866 4387 .
884 4331 1064 4392 conuentus
1090 4321 1271 4388 monialium
1290 4325 1477 4408 monasteri]

158 4418 195 4503 jn
223 4413 471 4485 Sluselowe
497 4414 619 4482 ordinis
652 4419 885 4506 cysterciensis
924 4415 1296 4505 babenbergensis
1323 4416 1477 4505 dyocesis
