3158 4732
178 512 248 585 456
732 509 941 584 Monumenta

179 703 358 775 verbaliter
382 714 416 772 et
439 702 573 771 realiter
596 702 841 793 resignantibus
867 713 900 772 et
925 701 1144 771 abdicantibus
1165 715 1270 795 etpro
1296 717 1367 775 tote
1392 728 1491 797 posse

179 804 251 871 sine
276 799 390 868 fraude
415 797 612 866 tradentibus
628 800 690 889 ipsi
706 798 934 866 archidiacono
960 801 1090 865 nomine
1115 799 1367 888 prelatidomini
1388 805 1491 870 nostri

177 917 260 987 pape
285 894 493 983 ecclesieque
518 914 651 961 romane
676 896 812 983 recepit,
838 903 870 960 et
896 892 1030 960 eandem
1055 898 1305 983 possessiouem
1327 948 1335 963 .
1361 895 1491 964 ‚burk-

178 993 301 1080 grauiis
328 1000 388 1057 et.
416 1040 423 1056 .
450 986 598 1056 officiatis
623 986 805 1056 huiusmodi
829 987 973 1055 ecclesie
997 985 1332 1080 herbipolensis
1358 1002 1492 1062 castro-

180 1107 251 1153 rum
278 1095 309 1152 et
334 1083 486 1153 villarum
511 1082 551 1151 de
576 1083 698 1151 eisdem
725 1085 787 1174 ipsi
812 1081 1041 1152 archidiacono
1066 1083 1182 1173 prelati
1209 1084 1329 1153 domini
1354 1107 1438 1177 pape
1462 1095 1492 1153 et

178 1183 280 1272 ipsius
306 1178 450 1291 ecclesie
465 1199 599 1290 romane
615 1181 746 1289 nomine
760 1175 1013 1288 gwardiantibus
1035 1199 1094 1245 seu
1108 1178 1273 1290 gwordias
1298 1179 1491 1248 facientibus

179 1270 1365 1458 titlltltltsititill*titibutdllttttt'ltili
1379 1285 1491 1438 titt:

180 1485 255 1532 num
279 1463 422 1552 legatum
447 1462 533 1530 aliud
557 1465 702 1530 extiterit
727 1461 908 1530 ordinatum
926 1461 1101 1530 secuudum
1125 1473 1274 1532 tenorem
1290 1467 1493 1534 conmissio-

177 1561 230 1628 nis
255 1558 438 1649 apostolice
462 1557 603 1648 desuper
628 1556 689 1625 sibi
713 1555 811 1625 lacte.

275 1693 476 1782 inquorum
509 1695 648 1760 omnium
682 1694 914 1782 premissorum
948 1694 1167 1759 testimonium
1199 1701 1233 1761 et
1269 1695 1493 1763 certitudinem

180 1789 362 1880 pleniorem
387 1807 524 1877 presens
554 1791 804 1874 instrumentum
830 1783 992 1853 conscribi
1018 1795 1051 1853 et
1083 1785 1238 1876 publicari
1274 1788 1493 1857 mandauimus

179 1904 239 1975 per
262 1882 519 1951 Heinricum
544 1885 702 1949 notarium
736 1879 897 1971 publicum
923 1878 1179 1970 infrascriptum,
1214 1881 1311 1950 etad
1337 1886 1493 1951 maiorem

180 1978 340 2046 cautelam
363 1975 501 2047 lecimus
525 1979 631 2045 nostri
656 1974 758 2065 sigilli
782 1977 982 2065 appensione
1008 1978 1134 2042 muniri.

277 2117 394 2181 Actum
432 2114 465 2179 in
496 2132 582 2180 noua
622 2110 695 2179 aula
729 2113 827 2178 castri
864 2109 1025 2178 Montis
1059 2107 1155 2178 beate
1188 2110 1320 2178 blarie
1354 2115 1494 2201 virginis

181 2228 281 2297 super
305 2208 435 2274 ciuitate
460 2203 770 2297 herbipolensi
796 2207 869 2285 siti,
894 2224 978 2272 anno
1004 2203 1125 2272 domini
1158 2205 1332 2274 millesimo
1357 2217 1498 2274 trecen-·

180 2303 610 2390 tesimooquinquagesimo,
631 2299 810 2386 indictione
836 2301 957 2381 tercia,
993 2297 1045 2365 die
1071 2298 1213 2367 secunda
1249 2303 1372 2368 mensis
1400 2303 1493 2389 junij,

182 2398 270 2462 circa
295 2395 407 2463 horam
434 2403 580 2478 sextam,
606 2391 809 2485 pontificatus
842 2391 979 2482 sepsisti
1006 2391 1126 2460 domini
1157 2397 1263 2462 nostri
1294 2416 1376 2485 pape
1408 2416 1493 2463 anno

181 2510 291 2573 nono,
317 2486 521 2580 presentibus
546 2486 790 2556 honorabilibus
823 2496 856 2554 et
879 2487 1029 2555 discretis
1061 2490 1143 2555 viris
1177 2487 1314 2558 dominis
1339 2489 1493 2558 lleinrico

182 2584 222 2652 de
236 2583 426 2652 llohenloch
453 2586 619 2674 preposito
646 2586 791 2666 maioris,
816 2581 968 2649 Conrado
995 2581 1130 2666 decano,
1147 2587 1303 2672 magistro
1320 2583 1493 2675 Mycbaele

181 2679 222 2746 de
247 2679 358 2747 Leone
384 2679 573 2764 scolastico,
598 2677 745 2748 Arnoldo
771 2678 811 2745 de
835 2676 1039 2766 llytningen,
1064 2676 1213 2745 iohanne
1238 2678 1323 2746 dicto
1345 2679 1492 2747 llatnen-

182 2777 285 2858 stein,
316 2773 465 2842 debeone
498 2772 537 2841 de
562 2775 710 2862 Augusta
735 2771 1008 2857 Nouimonasterij
1043 2770 1303 2861 herbipolensis,
1336 2777 1493 2862 magistre

180 2868 353 2937 Waltbero
380 2868 420 2935 de
444 2867 620 2936 Gamundia
645 2871 749 2936 sancti
764 2866 920 2935 lobannis
945 2870 976 2933 in
991 2866 1104 2954 ilauge
1130 2876 1223 2934 extra
1249 2887 1359 2936 muros
1378 2867 1493 2936 berbi-

183 2965 365 3054 polensium
393 2963 604 3030 ecclesiarum
621 2966 798 3044 canonicis,
821 2973 852 3028 et
869 2959 1038 3050 spectabili
1062 2961 1192 3027 domino
1206 2958 1353 3029 Gotl'rido
1374 2967 1494 3030 cernite

182 3059 222 3125 de
247 3056 388 3141 Rieuelr,
413 3057 560 3125 iohanne
586 3057 626 3124 de
646 3056 841 3125 Vssenkeim
867 3053 1063 3143 burlrgrauio
1091 3056 1224 3144 predicti
1250 3061 1349 3123 castri
1374 3062 1494 3126 montis

183 3162 296 3220 sancte
320 3152 435 3234 Maria,
460 3161 493 3218 et
517 3151 754 3242 quampluribus
780 3152 852 3217 aliis
878 3150 1047 3237 iidedignis
1074 3153 1246 3239 personis,
1271 3172 1329 3240 pro
1357 3152 1493 3220 testibus

183 3246 221 3313 ad
247 3249 404 3337 premissa
430 3248 558 3313 vocatis
584 3247 770 3335 specialiter
795 3254 827 3312 et
852 3247 987 3333 rogatis.

263 3451 295 3504 Et
316 3466 366 3519 ago
388 3451 569 3504 lleinricus
591 3452 672 3505 dictus
687 3451 914 3504 llatneuatciu
937 3450 969 3501 de
991 3449 1159 3502 Bollaatat
1180 3450 1343 3516 augustensis
1365 3450 1495 3517 dyocesis,

182 3533 296 3602 publicus
319 3533 400 3602 papali
430 3540 456 3584 et
473 3535 603 3601 imperiali·
621 3534 770 3587 auctoritate
792 3533 920 3596 notarius,
942 3533 999 3599 quia
1022 3531 1162 3584 huiuamodi
1185 3531 1279 3585 domiui
1301 3533 1439 3585 Albsrti
1462 3535 1495 3585 de

183 3616 386 3669 llobaalocb
417 3616 531 3670 canonici
554 3617 613 3669 olim
634 3616 757 3683 prepositi
779 3615 886 3666 ecclesie
914 3613 1176 3680 herbipolensis
1203 3614 1329 3667 cblacioui
1356 3618 1494 3668 renuncia-

185 3698 251 3750 cioni
274 3697 414 3762 dimissioni
437 3699 643 3765 pronunciacioni
666 3697 833 3765 publicacioni
855 3695 1055 3764 promulgncicui
1077 3695 1251 3761 possessionis
1266 3696 1495 3764 reccpcionialiis-

184 3793 234 3845 qua
261 3779 393 3847 premissis
420 3786 446 3831 vt
472 3782 599 3847 prelertur
634 3780 742 3848 peractis
771 3795 874 3831 unacum
903 3778 1010 3830 testibus
1038 3777 1219 3846 predescriptis
1247 3793 1353 3846 presens
1382 3781 1495 3845 interlui,

184 3875 264 3927 eaque
284 3861 321 3912 sic
343 3860 392 3912 vidi
415 3863 468 3914 tisri
501 3869 526 3914 ct
546 3863 647 3927 audiui,
677 3866 812 3930 propterea
844 3861 876 3911 de
906 3860 1023 3911 mandato
1053 3859 1143 3926 prelati
1173 3859 1267 3912 domiui
1290 3861 1422 3913 hiberti
1445 3862 1495 3915 boc

183 3957 292 4010 presens
309 3944 506 4009 justrumantum
537 3960 591 3996 mea
613 3961 686 3997 mauu
717 3943 874 4009 conscripsi,
907 3948 932 3993 ct
958 3942 983 3993 iu
1010 3941 1074 3992 bsuc
1102 3941 1224 4009 publicam
1257 3943 1363 3995 iormam
1395 3944 1496 4012 redegi,
