<?xml version="1.0" encoding="UTF-8"?>
<!DOCTYPE html PUBLIC "-//W3C//DTD XHTML 1.0 Transitional//EN"
    "http://www.w3.org/TR/xhtml1/DTD/xhtml1-transitional.dtd">
<html xmlns="http://www.w3.org/1999/xhtml" xml:lang="en" lang="en">
 <head>
  <title>
</title>
<meta http-equiv="Content-Type" content="text/html;charset=utf-8" />
  <meta name='ocr-system' content='tesseract 3.04.00' />
  <meta name='ocr-capabilities' content='ocr_page ocr_carea ocr_par ocr_line ocrx_word'/>
</head>
<body>
  <div class='ocr_page' id='page_1' title='image "./monumentaboicae22wissgoog_0037.png"; bbox 0 0 3158 4732; ppageno 0'>
   <div class='ocr_carea' id='block_1_1' title="bbox 135 478 879 552">
    <p class='ocr_par' dir='ltr' id='par_1_1' title="bbox 135 478 879 552">
     <span class='ocr_line' id='line_1_1' title="bbox 135 478 879 552; baseline -0.005 0"><span class='ocrx_word' id='word_1_1' title='bbox 135 484 179 552; x_wconf 87' lang='grc'><strong>16</strong></span> <span class='ocrx_word' id='word_1_2' title='bbox 672 478 879 549; x_wconf 85' lang='lat' dir='ltr'><strong>bionumeuta</strong></span> 
     </span>
    </p>
   </div>
   <div class='ocr_carea' id='block_1_2' title="bbox 133 664 1442 1305">
    <p class='ocr_par' dir='ltr' id='par_1_2' title="bbox 133 664 1442 1305">
     <span class='ocr_line' id='line_1_2' title="bbox 134 664 1442 761; baseline 0 -23"><span class='ocrx_word' id='word_1_3' title='bbox 134 669 284 760; x_wconf 82' lang='lat' dir='ltr'><strong>gabiliter</strong></span> <span class='ocrx_word' id='word_1_4' title='bbox 308 677 486 737; x_wconf 89' lang='lat' dir='ltr'><strong>statuentes</strong></span> <span class='ocrx_word' id='word_1_5' title='bbox 512 664 596 756; x_wconf 93' lang='lat' dir='ltr'><strong>quod</strong></span> <span class='ocrx_word' id='word_1_6' title='bbox 633 664 715 734; x_wconf 89' lang='lat' dir='ltr'><strong>dicta</strong></span> <span class='ocrx_word' id='word_1_7' title='bbox 750 670 782 736; x_wconf 92' lang='lat' dir='ltr'><strong>in</strong></span> <span class='ocrx_word' id='word_1_8' title='bbox 819 668 995 736; x_wconf 83' lang='lat' dir='ltr'><strong>Tarstat</strong></span> <span class='ocrx_word' id='word_1_9' title='bbox 1032 669 1172 738; x_wconf 90' lang='lat' dir='ltr'><strong>ecclesia</strong></span> <span class='ocrx_word' id='word_1_10' title='bbox 1208 672 1406 761; x_wconf 91' lang='lat' dir='ltr'><strong>ipsiusque.</strong></span> <span class='ocrx_word' id='word_1_11' title='bbox 1435 722 1442 738; x_wconf 93' lang='lat'><strong>.</strong></span> 
     </span>
     <span class='ocr_line' id='line_1_3' title="bbox 133 758 1440 856; baseline 0.001 -24"><span class='ocrx_word' id='word_1_12' title='bbox 133 763 225 856; x_wconf 93' lang='lat' dir='ltr'><strong>plebs</strong></span> <span class='ocrx_word' id='word_1_13' title='bbox 251 767 321 831; x_wconf 89' lang='lat' dir='ltr'><strong>siue</strong></span> <span class='ocrx_word' id='word_1_14' title='bbox 342 763 456 850; x_wconf 77' lang='lat' dir='ltr'><strong>incole</strong></span> <span class='ocrx_word' id='word_1_15' title='bbox 479 759 596 828; x_wconf 83' lang='lat' dir='ltr'>ibidem</span> <span class='ocrx_word' id='word_1_16' title='bbox 622 758 775 852; x_wconf 78' lang='lat' dir='ltr'><strong>deinceps</strong></span> <span class='ocrx_word' id='word_1_17' title='bbox 801 782 860 851; x_wconf 89' lang='lat' dir='ltr'><strong>per</strong></span> <span class='ocrx_word' id='word_1_18' title='bbox 885 814 915 829; x_wconf 90' lang='lat'><strong>..</strong></span> <span class='ocrx_word' id='word_1_19' title='bbox 942 760 1112 852; x_wconf 79' lang='lat' dir='ltr'><strong>plebanum</strong></span> <span class='ocrx_word' id='word_1_20' title='bbox 1137 767 1300 855; x_wconf 90' lang='lat' dir='ltr'><strong>proprium</strong></span> <span class='ocrx_word' id='word_1_21' title='bbox 1321 764 1440 833; x_wconf 81' lang='lat' dir='ltr'><strong>ibidem</strong></span> 
     </span>
     <span class='ocr_line' id='line_1_4' title="bbox 133 853 1442 950; baseline 0 -23"><span class='ocrx_word' id='word_1_22' title='bbox 133 857 351 950; x_wconf 71' lang='lat' dir='ltr'><strong>personaliter</strong></span> <span class='ocrx_word' id='word_1_23' title='bbox 375 854 522 924; x_wconf 89' lang='lat' dir='ltr'><strong>residere</strong></span> <span class='ocrx_word' id='word_1_24' title='bbox 561 853 730 923; x_wconf 90' lang='lat' dir='ltr'><strong>debentem</strong></span> <span class='ocrx_word' id='word_1_25' title='bbox 757 859 915 925; x_wconf 90' lang='lat' dir='ltr'><strong>canonico</strong></span> <span class='ocrx_word' id='word_1_26' title='bbox 938 879 997 925; x_wconf 93' lang='lat' dir='ltr'><strong>seu</strong></span> <span class='ocrx_word' id='word_1_27' title='bbox 1023 856 1133 927; x_wconf 92' lang='lat' dir='ltr'><strong>debito</strong></span> <span class='ocrx_word' id='word_1_28' title='bbox 1159 859 1368 947; x_wconf 78' lang='lat' dir='ltr'><strong>spiritualium</strong></span> <span class='ocrx_word' id='word_1_29' title='bbox 1408 868 1442 927; x_wconf 93' lang='lat' dir='ltr'><strong>et</strong></span> 
     </span>
     <span class='ocr_line' id='line_1_5' title="bbox 133 949 1442 1044; baseline 0.002 -24"><span class='ocrx_word' id='word_1_30' title='bbox 133 951 357 1044; x_wconf 91' lang='lat' dir='ltr'><strong>temporalium</strong></span> <span class='ocrx_word' id='word_1_31' title='bbox 396 953 555 1039; x_wconf 82' lang='lat' dir='ltr'><strong>regimine</strong></span> <span class='ocrx_word' id='word_1_32' title='bbox 594 959 749 1039; x_wconf 90' lang='lat' dir='ltr'><strong>perpetue</strong></span> <span class='ocrx_word' id='word_1_33' title='bbox 784 949 1000 1038; x_wconf 69' lang='lat' dir='ltr'><strong>gubernetur,</strong></span> <span class='ocrx_word' id='word_1_34' title='bbox 1042 973 1106 1020; x_wconf 93' lang='lat' dir='ltr'><strong>nec</strong></span> <span class='ocrx_word' id='word_1_35' title='bbox 1144 973 1182 1019; x_wconf 92' lang='lat' dir='ltr'><strong>se</strong></span> <span class='ocrx_word' id='word_1_36' title='bbox 1229 953 1373 1043; x_wconf 75' lang='lat' dir='ltr'><strong>predicte</strong></span> <span class='ocrx_word' id='word_1_37' title='bbox 1410 956 1442 1022; x_wconf 88' lang='lat' dir='ltr'><strong>in</strong></span> 
     </span>
     <span class='ocr_line' id='line_1_6' title="bbox 134 1039 1442 1138; baseline 0 -24"><span class='ocrx_word' id='word_1_38' title='bbox 134 1049 288 1116; x_wconf 91' lang='lat' dir='ltr'><strong>minori</strong></span> <span class='ocrx_word' id='word_1_39' title='bbox 313 1039 576 1113; x_wconf 83' lang='lat' dir='ltr'><strong>Ochsenidrt</strong></span> <span class='ocrx_word' id='word_1_40' title='bbox 601 1042 745 1114; x_wconf 81' lang='lat' dir='ltr'><strong>ecclesie</strong></span> <span class='ocrx_word' id='word_1_41' title='bbox 769 1048 801 1112; x_wconf 95' lang='lat' dir='ltr'><strong>in</strong></span> <span class='ocrx_word' id='word_1_42' title='bbox 816 1043 1249 1134; x_wconf 88' lang='lat' dir='ltr'><strong>obseruaueiajnhibicionis</strong></span> <span class='ocrx_word' id='word_1_43' title='bbox 1276 1047 1442 1138; x_wconf 90' lang='lat' dir='ltr'><strong>sepulture</strong></span> 
     </span>
     <span class='ocr_line' id='line_1_7' title="bbox 134 1137 1442 1230; baseline 0.001 -21"><span class='ocrx_word' id='word_1_44' title='bbox 134 1163 193 1210; x_wconf 92' lang='lat' dir='ltr'><strong>seu</strong></span> <span class='ocrx_word' id='word_1_45' title='bbox 214 1139 377 1230; x_wconf 76' lang='lat' dir='ltr'><strong>Jnterdicti</strong></span> <span class='ocrx_word' id='word_1_46' title='bbox 410 1139 628 1209; x_wconf 87' lang='lat' dir='ltr'><strong>ecelesiastici</strong></span> <span class='ocrx_word' id='word_1_47' title='bbox 659 1137 889 1229; x_wconf 92' lang='lat' dir='ltr'><strong>qualiscunque</strong></span> <span class='ocrx_word' id='word_1_48' title='bbox 926 1139 1079 1209; x_wconf 88' lang='lat' dir='ltr'><strong>decetero</strong></span> <span class='ocrx_word' id='word_1_49' title='bbox 1115 1140 1323 1210; x_wconf 84' lang='lat' dir='ltr'><strong>conformare</strong></span> <span class='ocrx_word' id='word_1_50' title='bbox 1354 1163 1442 1230; x_wconf 93' lang='lat' dir='ltr'><strong>quo-</strong></span> 
     </span>
     <span class='ocr_line' id='line_1_8' title="bbox 133 1234 492 1305; baseline -0.014 -1"><span class='ocrx_word' id='word_1_51' title='bbox 133 1234 310 1305; x_wconf 89' lang='lat' dir='ltr'><strong>modolibet</strong></span> <span class='ocrx_word' id='word_1_52' title='bbox 334 1242 492 1302; x_wconf 88' lang='lat' dir='ltr'><strong>teneatur.</strong></span> 
     </span>
    </p>
   </div>
   <div class='ocr_carea' id='block_1_3' title="bbox 132 1391 1442 2333">
    <p class='ocr_par' dir='ltr' id='par_1_3' title="bbox 132 1391 1442 2333">
     <span class='ocr_line' id='line_1_9' title="bbox 228 1391 1442 1487; baseline 0.001 -24"><span class='ocrx_word' id='word_1_53' title='bbox 228 1398 393 1480; x_wconf 84' lang='lat' dir='ltr'><strong>Quociens</strong></span> <span class='ocrx_word' id='word_1_54' title='bbox 418 1403 523 1462; x_wconf 89' lang='lat' dir='ltr'><strong>autem</strong></span> <span class='ocrx_word' id='word_1_55' title='bbox 547 1391 727 1461; x_wconf 90' lang='lat' dir='ltr'><strong>huiusmodi</strong></span> <span class='ocrx_word' id='word_1_56' title='bbox 751 1392 901 1485; x_wconf 90' lang='lat' dir='ltr'><strong>plebanie</strong></span> <span class='ocrx_word' id='word_1_57' title='bbox 924 1392 1114 1463; x_wconf 89' lang='lat' dir='ltr'><strong>beneficium</strong></span> <span class='ocrx_word' id='word_1_58' title='bbox 1140 1394 1293 1487; x_wconf 89' lang='lat' dir='ltr'><strong>deinceps</strong></span> <span class='ocrx_word' id='word_1_59' title='bbox 1320 1416 1442 1464; x_wconf 89' lang='lat' dir='ltr'><strong>vacare</strong></span> 
     </span>
     <span class='ocr_line' id='line_1_10' title="bbox 134 1486 1442 1580; baseline 0 -22"><span class='ocrx_word' id='word_1_60' title='bbox 134 1494 326 1580; x_wconf 81' lang='lat' dir='ltr'><strong>contigerit,</strong></span> <span class='ocrx_word' id='word_1_61' title='bbox 360 1511 404 1558; x_wconf 91' lang='lat' dir='ltr'><strong>ex</strong></span> <span class='ocrx_word' id='word_1_62' title='bbox 438 1497 545 1556; x_wconf 89' lang='lat' dir='ltr'><strong>tuno.</strong></span> <span class='ocrx_word' id='word_1_63' title='bbox 583 1487 779 1556; x_wconf 88' lang='lat' dir='ltr'><strong>.abbatissa</strong></span> <span class='ocrx_word' id='word_1_64' title='bbox 815 1489 889 1557; x_wconf 91' lang='lat' dir='ltr'><strong>dicti</strong></span> <span class='ocrx_word' id='word_1_65' title='bbox 923 1486 1124 1557; x_wconf 88' lang='lat' dir='ltr'><strong>monasterii</strong></span> <span class='ocrx_word' id='word_1_66' title='bbox 1151 1492 1183 1556; x_wconf 95' lang='lat' dir='ltr'><strong>in</strong></span> <span class='ocrx_word' id='word_1_67' title='bbox 1207 1490 1442 1578; x_wconf 81' lang='lat' dir='ltr'><strong>Kituingen</strong></span> 
     </span>
     <span class='ocr_line' id='line_1_11' title="bbox 133 1581 1441 1677; baseline -0.001 -24"><span class='ocrx_word' id='word_1_68' title='bbox 133 1607 192 1677; x_wconf 90' lang='lat' dir='ltr'><strong>pro</strong></span> <span class='ocrx_word' id='word_1_69' title='bbox 208 1595 356 1675; x_wconf 90' lang='lat' dir='ltr'><strong>tempore</strong></span> <span class='ocrx_word' id='word_1_70' title='bbox 369 1586 529 1667; x_wconf 75' lang='lat' dir='ltr'><strong>existens,</strong></span> <span class='ocrx_word' id='word_1_71' title='bbox 544 1581 628 1649; x_wconf 89' lang='lat' dir='ltr'><strong>dicte</strong></span> <span class='ocrx_word' id='word_1_72' title='bbox 642 1582 855 1672; x_wconf 79' lang='lat' dir='ltr'><strong>parrochialis</strong></span> <span class='ocrx_word' id='word_1_73' title='bbox 872 1583 1015 1652; x_wconf 89' lang='lat' dir='ltr'><strong>ecclesie</strong></span> <span class='ocrx_word' id='word_1_74' title='bbox 1031 1586 1063 1651; x_wconf 91' lang='lat' dir='ltr'><strong>iu</strong></span> <span class='ocrx_word' id='word_1_75' title='bbox 1083 1585 1237 1652; x_wconf 91' lang='lat' dir='ltr'><strong>minori</strong></span> <span class='ocrx_word' id='word_1_76' title='bbox 1250 1583 1333 1650; x_wconf 92' lang='lat' dir='ltr'><strong>Och</strong></span> <span class='ocrx_word' id='word_1_77' title='bbox 1343 1606 1358 1651; x_wconf 92' lang='lat' dir='ltr'><strong>s</strong></span> <span class='ocrx_word' id='word_1_78' title='bbox 1368 1607 1441 1652; x_wconf 90' lang='lat' dir='ltr'><strong>en-</strong></span> 
     </span>
     <span class='ocr_line' id='line_1_12' title="bbox 133 1675 1440 1768; baseline -0.002 -22"><span class='ocrx_word' id='word_1_79' title='bbox 133 1675 221 1747; x_wconf 81' lang='lat' dir='ltr'><strong>idrt</strong></span> <span class='ocrx_word' id='word_1_80' title='bbox 246 1729 253 1745; x_wconf 88' lang='lat'><em>.</em></span> <span class='ocrx_word' id='word_1_81' title='bbox 280 1731 288 1747; x_wconf 88' lang='lat'><strong>.</strong></span> <span class='ocrx_word' id='word_1_82' title='bbox 314 1687 470 1768; x_wconf 83' lang='lat' dir='ltr'><strong>patrona,</strong></span> <span class='ocrx_word' id='word_1_83' title='bbox 505 1675 667 1767; x_wconf 70' lang='lat' dir='ltr'><strong>ydoneum</strong></span> <span class='ocrx_word' id='word_1_84' title='bbox 704 1676 857 1745; x_wconf 91' lang='lat' dir='ltr'><strong>clericum</strong></span> <span class='ocrx_word' id='word_1_85' title='bbox 890 1678 1089 1762; x_wconf 84' lang='lat' dir='ltr'><strong>secularem,</strong></span> <span class='ocrx_word' id='word_1_86' title='bbox 1127 1688 1200 1746; x_wconf 90' lang='lat' dir='ltr'><strong>actu</strong></span> <span class='ocrx_word' id='word_1_87' title='bbox 1225 1677 1440 1768; x_wconf 87' lang='lat' dir='ltr'><strong>presbiterum</strong></span> 
     </span>
     <span class='ocr_line' id='line_1_13' title="bbox 135 1770 1437 1863; baseline -0.002 -22"><span class='ocrx_word' id='word_1_88' title='bbox 135 1776 340 1856; x_wconf 84' lang='lat' dir='ltr'><strong>existentem,</strong></span> <span class='ocrx_word' id='word_1_89' title='bbox 366 1771 422 1840; x_wconf 88' lang='lat' dir='ltr'><strong>vel</strong></span> <span class='ocrx_word' id='word_1_90' title='bbox 436 1770 552 1838; x_wconf 89' lang='lat' dir='ltr'><strong>saltem</strong></span> <span class='ocrx_word' id='word_1_91' title='bbox 566 1771 648 1838; x_wconf 89' lang='lat' dir='ltr'><strong>inira</strong></span> <span class='ocrx_word' id='word_1_92' title='bbox 662 1792 809 1840; x_wconf 88' lang='lat' dir='ltr'><strong>annuma</strong></span> <span class='ocrx_word' id='word_1_93' title='bbox 834 1782 981 1862; x_wconf 90' lang='lat' dir='ltr'><strong>tempore</strong></span> <span class='ocrx_word' id='word_1_94' title='bbox 1005 1770 1120 1862; x_wconf 93' lang='lat' dir='ltr'><strong>adepte</strong></span> <span class='ocrx_word' id='word_1_95' title='bbox 1145 1772 1279 1862; x_wconf 88' lang='lat' dir='ltr'><strong>pacifice</strong></span> <span class='ocrx_word' id='word_1_96' title='bbox 1294 1792 1437 1863; x_wconf 88' lang='lat' dir='ltr'><strong>posses-</strong></span> 
     </span>
     <span class='ocr_line' id='line_1_14' title="bbox 133 1864 1440 1955; baseline -0.002 -20"><span class='ocrx_word' id='word_1_97' title='bbox 133 1870 237 1935; x_wconf 90' lang='lat' dir='ltr'><strong>sionis</strong></span> <span class='ocrx_word' id='word_1_98' title='bbox 273 1864 421 1954; x_wconf 88' lang='lat' dir='ltr'><strong>beneficij</strong></span> <span class='ocrx_word' id='word_1_99' title='bbox 457 1864 637 1934; x_wconf 92' lang='lat' dir='ltr'><strong>huiusmodi</strong></span> <span class='ocrx_word' id='word_1_100' title='bbox 673 1865 900 1934; x_wconf 87' lang='lat' dir='ltr'><strong>numerandum</strong></span> <span class='ocrx_word' id='word_1_101' title='bbox 925 1907 969 1917; x_wconf 91' lang='lat'><strong>--</strong></span> <span class='ocrx_word' id='word_1_102' title='bbox 995 1865 1141 1955; x_wconf 83' lang='lat' dir='ltr'><strong>legitimo</strong></span> <span class='ocrx_word' id='word_1_103' title='bbox 1167 1877 1273 1934; x_wconf 89' lang='lat' dir='ltr'><strong>tamen</strong></span> <span class='ocrx_word' id='word_1_104' title='bbox 1299 1864 1440 1955; x_wconf 91' lang='lat' dir='ltr'><strong>impedi-</strong></span> 
     </span>
     <span class='ocr_line' id='line_1_15' title="bbox 133 1960 1439 2051; baseline -0.001 -23"><span class='ocrx_word' id='word_1_105' title='bbox 133 1970 242 2030; x_wconf 90' lang='lat' dir='ltr'><strong>mento</strong></span> <span class='ocrx_word' id='word_1_106' title='bbox 276 1971 428 2028; x_wconf 88' lang='lat' dir='ltr'><strong>cessante</strong></span> <span class='ocrx_word' id='word_1_107' title='bbox 465 1999 512 2008; x_wconf 93' lang='lat'>—</span> <span class='ocrx_word' id='word_1_108' title='bbox 541 1963 653 2049; x_wconf 88' lang='lat' dir='ltr'><strong>vtique</strong></span> <span class='ocrx_word' id='word_1_109' title='bbox 687 1960 985 2049; x_wconf 75' lang='lat' dir='ltr'><strong>presbiterandum‚</strong></span> <span class='ocrx_word' id='word_1_110' title='bbox 1024 1982 1082 2050; x_wconf 92' lang='lat' dir='ltr'><strong>pro</strong></span> <span class='ocrx_word' id='word_1_111' title='bbox 1117 1960 1257 2051; x_wconf 92' lang='lat' dir='ltr'><strong>plebano</strong></span> <span class='ocrx_word' id='word_1_112' title='bbox 1293 1960 1439 2028; x_wconf 90' lang='lat' dir='ltr'><strong>eiusdem</strong></span> 
     </span>
     <span class='ocr_line' id='line_1_16' title="bbox 132 2052 1441 2144; baseline 0 -22"><span class='ocrx_word' id='word_1_113' title='bbox 132 2054 280 2142; x_wconf 88' lang='lat' dir='ltr'><strong>beneficij</strong></span> <span class='ocrx_word' id='word_1_114' title='bbox 307 2054 390 2123; x_wconf 84' lang='lat' dir='ltr'><strong>iufra</strong></span> <span class='ocrx_word' id='word_1_115' title='bbox 411 2055 493 2140; x_wconf 87' lang='lat' dir='ltr'><strong>juris</strong></span> <span class='ocrx_word' id='word_1_116' title='bbox 520 2062 643 2144; x_wconf 90' lang='lat' dir='ltr'><strong>tempus</strong></span> <span class='ocrx_word' id='word_1_117' title='bbox 668 2053 733 2122; x_wconf 93' lang='lat' dir='ltr'><strong>loci</strong></span> <span class='ocrx_word' id='word_1_118' title='bbox 748 2054 910 2123; x_wconf 91' lang='lat' dir='ltr'><strong>ordinario</strong></span> <span class='ocrx_word' id='word_1_119' title='bbox 927 2064 1116 2143; x_wconf 90' lang='lat' dir='ltr'><strong>presentare</strong></span> <span class='ocrx_word' id='word_1_120' title='bbox 1129 2052 1274 2123; x_wconf 89' lang='lat' dir='ltr'><strong>debebit:</strong></span> <span class='ocrx_word' id='word_1_121' title='bbox 1301 2055 1441 2143; x_wconf 92' lang='lat' dir='ltr'><strong>alioquin</strong></span> 
     </span>
     <span class='ocr_line' id='line_1_17' title="bbox 134 2147 1442 2238; baseline -0.002 -21"><span class='ocrx_word' id='word_1_122' title='bbox 134 2149 278 2217; x_wconf 91' lang='lat' dir='ltr'><strong>eiusdem</strong></span> <span class='ocrx_word' id='word_1_123' title='bbox 302 2147 449 2235; x_wconf 74' lang='lat' dir='ltr'><strong>beneficii</strong></span> <span class='ocrx_word' id='word_1_124' title='bbox 482 2150 628 2238; x_wconf 91' lang='lat' dir='ltr'><strong>prouisio</strong></span> <span class='ocrx_word' id='word_1_125' title='bbox 654 2169 712 2237; x_wconf 91' lang='lat' dir='ltr'><strong>pro</strong></span> <span class='ocrx_word' id='word_1_126' title='bbox 745 2149 802 2214; x_wconf 93' lang='lat' dir='ltr'><strong>illa</strong></span> <span class='ocrx_word' id='word_1_127' title='bbox 825 2152 900 2215; x_wconf 88' lang='lat' dir='ltr'><strong>vice</strong></span> <span class='ocrx_word' id='word_1_128' title='bbox 926 2149 1088 2216; x_wconf 87' lang='lat' dir='ltr'><strong>dumtaxat</strong></span> <span class='ocrx_word' id='word_1_129' title='bbox 1122 2151 1161 2216; x_wconf 91' lang='lat' dir='ltr'><strong>ad</strong></span> <span class='ocrx_word' id='word_1_130' title='bbox 1196 2148 1295 2215; x_wconf 88' lang='lat' dir='ltr'><strong>loci.</strong></span> <span class='ocrx_word' id='word_1_131' title='bbox 1331 2151 1442 2238; x_wconf 80' lang='lat' dir='ltr'><strong>‚epi-</strong></span> 
     </span>
     <span class='ocr_line' id='line_1_18' title="bbox 133 2241 474 2333; baseline -0.015 -21"><span class='ocrx_word' id='word_1_132' title='bbox 133 2265 267 2333; x_wconf 88' lang='lat' dir='ltr'><strong>scopum</strong></span> <span class='ocrx_word' id='word_1_133' title='bbox 291 2241 474 2333; x_wconf 89' lang='lat' dir='ltr'><strong>pertinebit.</strong></span> 
     </span>
    </p>
   </div>
   <div class='ocr_carea' id='block_1_4' title="bbox 133 2400 1443 3244">
    <p class='ocr_par' dir='ltr' id='par_1_4' title="bbox 133 2400 1443 3244">
     <span class='ocr_line' id='line_1_19' title="bbox 227 2400 1441 2495; baseline -0.002 -24"><span class='ocrx_word' id='word_1_134' title='bbox 227 2403 382 2472; x_wconf 87' lang='lat' dir='ltr'><strong>Preterea</strong></span> <span class='ocrx_word' id='word_1_135' title='bbox 409 2400 594 2471; x_wconf 88' lang='lat' dir='ltr'><strong>ordinamus</strong></span> <span class='ocrx_word' id='word_1_136' title='bbox 619 2400 846 2470; x_wconf 90' lang='lat' dir='ltr'><strong>inuiolabiliter</strong></span> <span class='ocrx_word' id='word_1_137' title='bbox 872 2401 1121 2492; x_wconf 79' lang='lat' dir='ltr'><strong>obseruandum,</strong></span> <span class='ocrx_word' id='word_1_138' title='bbox 1143 2403 1229 2495; x_wconf 92' lang='lat' dir='ltr'><strong>quod</strong></span> <span class='ocrx_word' id='word_1_139' title='bbox 1254 2402 1441 2493; x_wconf 90' lang='lat' dir='ltr'><strong>quilibet..</strong></span> 
     </span>
     <span class='ocr_line' id='line_1_20' title="bbox 134 2495 1443 2590; baseline -0.002 -23"><span class='ocrx_word' id='word_1_140' title='bbox 134 2496 289 2590; x_wconf 91' lang='lat' dir='ltr'><strong>plebanus</strong></span> <span class='ocrx_word' id='word_1_141' title='bbox 314 2496 458 2588; x_wconf 89' lang='lat' dir='ltr'><strong>predicte</strong></span> <span class='ocrx_word' id='word_1_142' title='bbox 483 2499 515 2564; x_wconf 94' lang='lat' dir='ltr'><strong>in</strong></span> <span class='ocrx_word' id='word_1_143' title='bbox 530 2496 707 2564; x_wconf 84' lang='lat' dir='ltr'><strong>Tarstat</strong></span> <span class='ocrx_word' id='word_1_144' title='bbox 731 2495 874 2564; x_wconf 87' lang='lat' dir='ltr'><strong>ecclesie</strong></span> <span class='ocrx_word' id='word_1_145' title='bbox 898 2496 1124 2566; x_wconf 88' lang='lat' dir='ltr'><strong>nichilominus</strong></span> <span class='ocrx_word' id='word_1_146' title='bbox 1150 2519 1286 2567; x_wconf 85' lang='lat' dir='ltr'><strong>unacum</strong></span> <span class='ocrx_word' id='word_1_147' title='bbox 1300 2550 1307 2564; x_wconf 93' lang='lat'><strong>.</strong></span> <span class='ocrx_word' id='word_1_148' title='bbox 1323 2549 1330 2564; x_wconf 90' lang='lat'>.</span> <span class='ocrx_word' id='word_1_149' title='bbox 1345 2496 1443 2587; x_wconf 87' lang='lat' dir='ltr'><strong>plebe</strong></span> 
     </span>
     <span class='ocr_line' id='line_1_21' title="bbox 135 2588 1441 2681; baseline -0.001 -21"><span class='ocrx_word' id='word_1_150' title='bbox 135 2590 371 2678; x_wconf 73' lang='lat' dir='ltr'><strong>seu..1ncolis</strong></span> <span class='ocrx_word' id='word_1_151' title='bbox 395 2589 511 2659; x_wconf 89' lang='lat' dir='ltr'><strong>ibidem</strong></span> <span class='ocrx_word' id='word_1_152' title='bbox 536 2600 682 2681; x_wconf 90' lang='lat' dir='ltr'><strong>tempore</strong></span> <span class='ocrx_word' id='word_1_153' title='bbox 696 2588 812 2681; x_wconf 75' lang='lat' dir='ltr'><strong>synodi</strong></span> <span class='ocrx_word' id='word_1_154' title='bbox 826 2589 968 2658; x_wconf 90' lang='lat' dir='ltr'><strong>ecclesie</strong></span> <span class='ocrx_word' id='word_1_155' title='bbox 994 2591 1202 2681; x_wconf 89' lang='lat' dir='ltr'><strong>parrochialis</strong></span> <span class='ocrx_word' id='word_1_156' title='bbox 1228 2595 1261 2660; x_wconf 94' lang='lat' dir='ltr'><strong>in</strong></span> <span class='ocrx_word' id='word_1_157' title='bbox 1285 2593 1441 2660; x_wconf 90' lang='lat' dir='ltr'><strong>minori</strong></span> 
     </span>
     <span class='ocr_line' id='line_1_22' title="bbox 135 2683 1441 2774; baseline 0 -20"><span class='ocrx_word' id='word_1_158' title='bbox 135 2683 393 2755; x_wconf 73' lang='lat' dir='ltr'><strong>ochsenfurt</strong></span> <span class='ocrx_word' id='word_1_159' title='bbox 407 2686 549 2774; x_wconf 89' lang='lat' dir='ltr'><strong>predicte</strong></span> <span class='ocrx_word' id='word_1_160' title='bbox 562 2687 697 2753; x_wconf 90' lang='lat' dir='ltr'><strong>visitare</strong></span> <span class='ocrx_word' id='word_1_161' title='bbox 709 2683 1071 2755; x_wconf 89' lang='lat' dir='ltr'><strong>eandemecclesiamin</strong></span> <span class='ocrx_word' id='word_1_162' title='bbox 1083 2707 1112 2753; x_wconf 92' lang='lat' dir='ltr'><strong>m</strong></span> <span class='ocrx_word' id='word_1_163' title='bbox 1123 2690 1235 2755; x_wconf 90' lang='lat' dir='ltr'><strong>inari</strong></span> <span class='ocrx_word' id='word_1_164' title='bbox 1252 2686 1333 2754; x_wconf 88' lang='lat' dir='ltr'><strong>Och</strong></span> <span class='ocrx_word' id='word_1_165' title='bbox 1343 2708 1441 2755; x_wconf 91' lang='lat' dir='ltr'><strong>sen-</strong></span> 
     </span>
     <span class='ocr_line' id='line_1_23' title="bbox 133 2775 1440 2868; baseline -0.001 -20"><span class='ocrx_word' id='word_1_166' title='bbox 133 2775 220 2848; x_wconf 86' lang='lat' dir='ltr'><strong>ldrt</strong></span> <span class='ocrx_word' id='word_1_167' title='bbox 256 2801 347 2848; x_wconf 90' lang='lat' dir='ltr'><strong>more</strong></span> <span class='ocrx_word' id='word_1_168' title='bbox 386 2776 495 2847; x_wconf 91' lang='lat' dir='ltr'><strong>debito</strong></span> <span class='ocrx_word' id='word_1_169' title='bbox 535 2799 593 2845; x_wconf 93' lang='lat' dir='ltr'><strong>seu</strong></span> <span class='ocrx_word' id='word_1_170' title='bbox 619 2777 716 2846; x_wconf 91' lang='lat' dir='ltr'><strong>solito</strong></span> <span class='ocrx_word' id='word_1_171' title='bbox 750 2782 878 2846; x_wconf 87' lang='lat' dir='ltr'><strong>inantea</strong></span> <span class='ocrx_word' id='word_1_172' title='bbox 910 2784 1002 2848; x_wconf 92' lang='lat' dir='ltr'><strong>annis</strong></span> <span class='ocrx_word' id='word_1_173' title='bbox 1029 2781 1166 2868; x_wconf 86' lang='lat' dir='ltr'><strong>siugulis</strong></span> <span class='ocrx_word' id='word_1_174' title='bbox 1202 2784 1244 2848; x_wconf 86' lang='lat' dir='ltr'><strong>sit</strong></span> <span class='ocrx_word' id='word_1_175' title='bbox 1277 2784 1440 2848; x_wconf 90' lang='lat' dir='ltr'><strong>astrictus.</strong></span> 
     </span>
     <span class='ocr_line' id='line_1_24' title="bbox 133 2870 1441 2964; baseline -0.002 -21"><span class='ocrx_word' id='word_1_176' title='bbox 133 2875 274 2964; x_wconf 78' lang='lat' dir='ltr'><strong>insuper</strong></span> <span class='ocrx_word' id='word_1_177' title='bbox 287 2895 415 2963; x_wconf 92' lang='lat' dir='ltr'><strong>quoque</strong></span> <span class='ocrx_word' id='word_1_178' title='bbox 431 2923 438 2940; x_wconf 92' lang='lat'><strong><em>.</em></strong></span> <span class='ocrx_word' id='word_1_179' title='bbox 454 2924 462 2941; x_wconf 89' lang='lat'><strong>.</strong></span> <span class='ocrx_word' id='word_1_180' title='bbox 476 2871 632 2964; x_wconf 88' lang='lat' dir='ltr'><strong>plebanus</strong></span> <span class='ocrx_word' id='word_1_181' title='bbox 648 2870 790 2941; x_wconf 90' lang='lat' dir='ltr'><strong>ecclesie</strong></span> <span class='ocrx_word' id='word_1_182' title='bbox 804 2873 1015 2962; x_wconf 86' lang='lat' dir='ltr'><strong>parrochialis</strong></span> <span class='ocrx_word' id='word_1_183' title='bbox 1029 2877 1060 2941; x_wconf 89' lang='lat' dir='ltr'><strong>in</strong></span> <span class='ocrx_word' id='word_1_184' title='bbox 1085 2876 1237 2941; x_wconf 91' lang='lat' dir='ltr'><strong>minori</strong></span> <span class='ocrx_word' id='word_1_185' title='bbox 1252 2871 1332 2940; x_wconf 88' lang='lat' dir='ltr'><strong>Och</strong></span> <span class='ocrx_word' id='word_1_186' title='bbox 1343 2895 1358 2941; x_wconf 94' lang='lat' dir='ltr'><strong>s</strong></span> <span class='ocrx_word' id='word_1_187' title='bbox 1369 2895 1441 2941; x_wconf 94' lang='lat' dir='ltr'><strong>en-</strong></span> 
     </span>
     <span class='ocr_line' id='line_1_25' title="bbox 134 2966 1441 3058; baseline 0.001 -23"><span class='ocrx_word' id='word_1_188' title='bbox 134 2967 219 3035; x_wconf 88' lang='lat' dir='ltr'><strong>lurt</strong></span> <span class='ocrx_word' id='word_1_189' title='bbox 242 2966 385 3057; x_wconf 91' lang='lat' dir='ltr'><strong>predicte</strong></span> <span class='ocrx_word' id='word_1_190' title='bbox 410 2968 608 3058; x_wconf 91' lang='lat' dir='ltr'><strong>episcopalia</strong></span> <span class='ocrx_word' id='word_1_191' title='bbox 634 2977 666 3035; x_wconf 95' lang='lat' dir='ltr'><strong>et</strong></span> <span class='ocrx_word' id='word_1_192' title='bbox 691 2966 960 3036; x_wconf 88' lang='lat' dir='ltr'><strong>archidiaconalia</strong></span> <span class='ocrx_word' id='word_1_193' title='bbox 996 2989 1034 3035; x_wconf 90' lang='lat' dir='ltr'><strong>ac</strong></span> <span class='ocrx_word' id='word_1_194' title='bbox 1059 2967 1122 3034; x_wconf 91' lang='lat' dir='ltr'><strong>alia</strong></span> <span class='ocrx_word' id='word_1_195' title='bbox 1142 2969 1214 3054; x_wconf 90' lang='lat' dir='ltr'><strong>jura</strong></span> <span class='ocrx_word' id='word_1_196' title='bbox 1249 2989 1307 3036; x_wconf 92' lang='lat' dir='ltr'><strong>seu</strong></span> <span class='ocrx_word' id='word_1_197' title='bbox 1340 2989 1441 3036; x_wconf 89' lang='lat' dir='ltr'><strong>onera</strong></span> 
     </span>
     <span class='ocr_line' id='line_1_26' title="bbox 135 3059 1442 3152; baseline 0.002 -24"><span class='ocrx_word' id='word_1_198' title='bbox 135 3061 368 3151; x_wconf 90' lang='lat' dir='ltr'><strong>qualiacunque</strong></span> <span class='ocrx_word' id='word_1_199' title='bbox 386 3059 491 3127; x_wconf 90' lang='lat' dir='ltr'><strong>debita</strong></span> <span class='ocrx_word' id='word_1_200' title='bbox 504 3071 536 3128; x_wconf 95' lang='lat' dir='ltr'><strong>et</strong></span> <span class='ocrx_word' id='word_1_201' title='bbox 554 3071 710 3130; x_wconf 91' lang='lat' dir='ltr'><strong>consueta</strong></span> <span class='ocrx_word' id='word_1_202' title='bbox 737 3060 889 3130; x_wconf 83' lang='lat' dir='ltr'><strong>decutere</strong></span> <span class='ocrx_word' id='word_1_203' title='bbox 902 3073 938 3129; x_wconf 90' lang='lat' dir='ltr'><strong>vt</strong></span> <span class='ocrx_word' id='word_1_204' title='bbox 961 3061 1118 3135; x_wconf 90' lang='lat' dir='ltr'><strong>hactenus</strong></span> <span class='ocrx_word' id='word_1_205' title='bbox 1137 3071 1292 3152; x_wconf 89' lang='lat' dir='ltr'><strong>perpetuo</strong></span> <span class='ocrx_word' id='word_1_206' title='bbox 1318 3061 1442 3151; x_wconf 92' lang='lat' dir='ltr'><strong>absque</strong></span> 
     </span>
     <span class='ocr_line' id='line_1_27' title="bbox 134 3152 1378 3244; baseline -0.001 -20"><span class='ocrx_word' id='word_1_207' title='bbox 134 3157 379 3224; x_wconf 90' lang='lat' dir='ltr'><strong>contribucioue</strong></span> <span class='ocrx_word' id='word_1_208' title='bbox 406 3206 413 3221; x_wconf 92' lang='lat'><strong>.</strong></span> <span class='ocrx_word' id='word_1_209' title='bbox 441 3205 449 3221; x_wconf 90' lang='lat'><strong>.</strong></span> <span class='ocrx_word' id='word_1_210' title='bbox 475 3152 604 3244; x_wconf 91' lang='lat' dir='ltr'><strong>plebani</strong></span> <span class='ocrx_word' id='word_1_211' title='bbox 628 3159 659 3223; x_wconf 90' lang='lat' dir='ltr'><strong>iu</strong></span> <span class='ocrx_word' id='word_1_212' title='bbox 685 3155 861 3224; x_wconf 83' lang='lat' dir='ltr'><strong>Tarstat</strong></span> <span class='ocrx_word' id='word_1_213' title='bbox 886 3157 1018 3225; x_wconf 90' lang='lat' dir='ltr'><strong>soluere</strong></span> <span class='ocrx_word' id='word_1_214' title='bbox 1043 3161 1113 3224; x_wconf 91' lang='lat' dir='ltr'><strong>siue</strong></span> <span class='ocrx_word' id='word_1_215' title='bbox 1139 3156 1216 3224; x_wconf 92' lang='lat' dir='ltr'><strong>dare</strong></span> <span class='ocrx_word' id='word_1_216' title='bbox 1240 3155 1378 3224; x_wconf 84' lang='lat' dir='ltr'><strong>debebit</strong></span> 
     </span>
    </p>
   </div>
   <div class='ocr_carea' id='block_1_5' title="bbox 129 3306 1441 3964">
    <p class='ocr_par' dir='ltr' id='par_1_5' title="bbox 129 3306 1441 3964">
     <span class='ocr_line' id='line_1_28' title="bbox 226 3306 1439 3402; baseline 0.004 -27"><span class='ocrx_word' id='word_1_217' title='bbox 226 3309 319 3376; x_wconf 89' lang='lat' dir='ltr'><strong>Bona</strong></span> <span class='ocrx_word' id='word_1_218' title='bbox 352 3329 433 3375; x_wconf 87' lang='lat' dir='ltr'><strong>vero</strong></span> <span class='ocrx_word' id='word_1_219' title='bbox 467 3306 610 3378; x_wconf 92' lang='lat' dir='ltr'><strong>redditus</strong></span> <span class='ocrx_word' id='word_1_220' title='bbox 646 3308 749 3398; x_wconf 91' lang='lat' dir='ltr'><strong>adque</strong></span> <span class='ocrx_word' id='word_1_221' title='bbox 781 3329 900 3377; x_wconf 90' lang='lat' dir='ltr'><strong>census</strong></span> <span class='ocrx_word' id='word_1_222' title='bbox 932 3332 1001 3377; x_wconf 85' lang='lat' dir='ltr'><strong>cunr</strong></span> <span class='ocrx_word' id='word_1_223' title='bbox 1037 3311 1149 3402; x_wconf 88' lang='lat' dir='ltr'><strong>quibus</strong></span> <span class='ocrx_word' id='word_1_224' title='bbox 1193 3308 1372 3377; x_wconf 91' lang='lat' dir='ltr'><strong>huiusmodi</strong></span> <span class='ocrx_word' id='word_1_225' title='bbox 1405 3313 1439 3380; x_wconf 95' lang='lat' dir='ltr'><strong>in</strong></span> 
     </span>
     <span class='ocr_line' id='line_1_29' title="bbox 135 3401 1438 3496; baseline 0.002 -26"><span class='ocrx_word' id='word_1_226' title='bbox 135 3402 313 3471; x_wconf 84' lang='lat' dir='ltr'><strong>Tarstat</strong></span> <span class='ocrx_word' id='word_1_227' title='bbox 338 3401 481 3469; x_wconf 90' lang='lat' dir='ltr'><strong>ecclesia</strong></span> <span class='ocrx_word' id='word_1_228' title='bbox 506 3422 549 3468; x_wconf 88' lang='lat' dir='ltr'><strong>ex</strong></span> <span class='ocrx_word' id='word_1_229' title='bbox 573 3424 657 3470; x_wconf 91' lang='lat' dir='ltr'><strong>nuno</strong></span> <span class='ocrx_word' id='word_1_230' title='bbox 673 3405 780 3472; x_wconf 92' lang='lat' dir='ltr'><strong>dotata</strong></span> <span class='ocrx_word' id='word_1_231' title='bbox 793 3415 845 3472; x_wconf 90' lang='lat' dir='ltr'><strong>est</strong></span> <span class='ocrx_word' id='word_1_232' title='bbox 869 3426 907 3471; x_wconf 88' lang='lat' dir='ltr'><strong>ac</strong></span> <span class='ocrx_word' id='word_1_233' title='bbox 932 3406 1067 3496; x_wconf 92' lang='lat' dir='ltr'><strong>amplius</strong></span> <span class='ocrx_word' id='word_1_234' title='bbox 1081 3403 1241 3474; x_wconf 88' lang='lat' dir='ltr'><strong>dotabitur</strong></span> <span class='ocrx_word' id='word_1_235' title='bbox 1256 3405 1286 3470; x_wconf 95' lang='lat' dir='ltr'><strong>in</strong></span> <span class='ocrx_word' id='word_1_236' title='bbox 1302 3404 1438 3472; x_wconf 86' lang='lat' dir='ltr'><strong>futurum</strong></span> 
     </span>
     <span class='ocr_line' id='line_1_30' title="bbox 133 3494 1441 3587; baseline 0.002 -24"><span class='ocrx_word' id='word_1_237' title='bbox 133 3517 250 3565; x_wconf 89' lang='lat' dir='ltr'><strong>reuera</strong></span> <span class='ocrx_word' id='word_1_238' title='bbox 274 3497 346 3564; x_wconf 90' lang='lat' dir='ltr'><strong>lore</strong></span> <span class='ocrx_word' id='word_1_239' title='bbox 373 3495 600 3564; x_wconf 89' lang='lat' dir='ltr'><strong>ecclesiastice</strong></span> <span class='ocrx_word' id='word_1_240' title='bbox 612 3494 768 3564; x_wconf 88' lang='lat' dir='ltr'><strong>libertatis</strong></span> <span class='ocrx_word' id='word_1_241' title='bbox 786 3519 845 3565; x_wconf 91' lang='lat' dir='ltr'><strong>seu</strong></span> <span class='ocrx_word' id='word_1_242' title='bbox 859 3502 1052 3583; x_wconf 72' lang='lat' dir='ltr'><strong>emunitatis,</strong></span> <span class='ocrx_word' id='word_1_243' title='bbox 1078 3521 1117 3566; x_wconf 90' lang='lat' dir='ltr'><strong>ea</strong></span> <span class='ocrx_word' id='word_1_244' title='bbox 1142 3519 1270 3587; x_wconf 93' lang='lat' dir='ltr'><strong>quoque</strong></span> <span class='ocrx_word' id='word_1_245' title='bbox 1284 3498 1441 3587; x_wconf 72' lang='lat' dir='ltr'><strong>gaudere,</strong></span> 
     </span>
     <span class='ocr_line' id='line_1_31' title="bbox 133 3589 1440 3682; baseline 0 -24"><span class='ocrx_word' id='word_1_246' title='bbox 133 3611 262 3658; x_wconf 92' lang='lat' dir='ltr'><strong>necnon</strong></span> <span class='ocrx_word' id='word_1_247' title='bbox 287 3593 389 3657; x_wconf 91' lang='lat' dir='ltr'><strong>eciam</strong></span> <span class='ocrx_word' id='word_1_248' title='bbox 413 3594 550 3680; x_wconf 92' lang='lat' dir='ltr'><strong>ipsum.</strong></span> <span class='ocrx_word' id='word_1_249' title='bbox 585 3642 592 3657; x_wconf 92' lang='lat'><strong>.</strong></span> <span class='ocrx_word' id='word_1_250' title='bbox 627 3589 797 3681; x_wconf 88' lang='lat' dir='ltr'><strong>plebanum</strong></span> <span class='ocrx_word' id='word_1_251' title='bbox 829 3591 944 3659; x_wconf 92' lang='lat' dir='ltr'><strong>ibidem</strong></span> <span class='ocrx_word' id='word_1_252' title='bbox 978 3614 1036 3682; x_wconf 90' lang='lat' dir='ltr'><strong>pro</strong></span> <span class='ocrx_word' id='word_1_253' title='bbox 1070 3601 1215 3681; x_wconf 89' lang='lat' dir='ltr'><strong>tempore</strong></span> <span class='ocrx_word' id='word_1_254' title='bbox 1246 3597 1440 3661; x_wconf 88' lang='lat' dir='ltr'><strong>existentem</strong></span> 
     </span>
     <span class='ocr_line' id='line_1_32' title="bbox 129 3682 1440 3776; baseline 0 -25"><span class='ocrx_word' id='word_1_255' title='bbox 129 3682 257 3771; x_wconf 85' lang='lat' dir='ltr'><strong>juribus</strong></span> <span class='ocrx_word' id='word_1_256' title='bbox 282 3694 314 3752; x_wconf 95' lang='lat' dir='ltr'><strong>et</strong></span> <span class='ocrx_word' id='word_1_257' title='bbox 338 3682 538 3752; x_wconf 89' lang='lat' dir='ltr'><strong>libertatibus</strong></span> <span class='ocrx_word' id='word_1_258' title='bbox 563 3684 700 3753; x_wconf 91' lang='lat' dir='ltr'><strong>aliorum</strong></span> <span class='ocrx_word' id='word_1_259' title='bbox 724 3696 838 3754; x_wconf 88' lang='lat' dir='ltr'><strong>nostre</strong></span> <span class='ocrx_word' id='word_1_260' title='bbox 851 3686 1026 3776; x_wconf 74' lang='lat' dir='ltr'><strong>dyocesis.</strong></span> <span class='ocrx_word' id='word_1_261' title='bbox 1045 3685 1270 3776; x_wconf 84' lang='lat' dir='ltr'><strong>plebanorum</strong></span> <span class='ocrx_word' id='word_1_262' title='bbox 1297 3685 1440 3774; x_wconf 83' lang='lat' dir='ltr'><strong>gaudere</strong></span> 
     </span>
     <span class='ocr_line' id='line_1_33' title="bbox 135 3776 1440 3871; baseline 0.001 -26"><span class='ocrx_word' id='word_1_263' title='bbox 135 3788 167 3845; x_wconf 90' lang='lat' dir='ltr'><strong>et</strong></span> <span class='ocrx_word' id='word_1_264' title='bbox 190 3776 301 3847; x_wconf 83' lang='lat' dir='ltr'><strong>vtiirui</strong></span> <span class='ocrx_word' id='word_1_265' title='bbox 321 3776 453 3864; x_wconf 77' lang='lat' dir='ltr'><strong>debere,</strong></span> <span class='ocrx_word' id='word_1_266' title='bbox 478 3777 680 3847; x_wconf 86' lang='lat' dir='ltr'><strong>deceruimus</strong></span> <span class='ocrx_word' id='word_1_267' title='bbox 699 3783 991 3871; x_wconf 88' lang='lat' dir='ltr'><strong>etpronunciamus</strong></span> <span class='ocrx_word' id='word_1_268' title='bbox 1005 3779 1147 3868; x_wconf 88' lang='lat' dir='ltr'><strong>legitime</strong></span> <span class='ocrx_word' id='word_1_269' title='bbox 1172 3786 1203 3849; x_wconf 92' lang='lat' dir='ltr'><strong>in</strong></span> <span class='ocrx_word' id='word_1_270' title='bbox 1222 3782 1282 3847; x_wconf 90' lang='lat' dir='ltr'><strong>hiis</strong></span> <span class='ocrx_word' id='word_1_271' title='bbox 1299 3782 1440 3868; x_wconf 76' lang='lat' dir='ltr'><strong>scriptis,</strong></span> 
     </span>
     <span class='ocr_line' id='line_1_34' title="bbox 135 3873 1439 3964; baseline 0.002 -26"><span class='ocrx_word' id='word_1_272' title='bbox 135 3877 318 3942; x_wconf 87' lang='lat' dir='ltr'><strong>eximentes</strong></span> <span class='ocrx_word' id='word_1_273' title='bbox 344 3895 416 3941; x_wconf 90' lang='lat' dir='ltr'><strong>eum</strong></span> <span class='ocrx_word' id='word_1_274' title='bbox 442 3882 475 3941; x_wconf 90' lang='lat' dir='ltr'><strong>et</strong></span> <span class='ocrx_word' id='word_1_275' title='bbox 500 3894 537 3940; x_wconf 89' lang='lat' dir='ltr'><strong>ea</strong></span> <span class='ocrx_word' id='word_1_276' title='bbox 563 3884 596 3941; x_wconf 95' lang='lat' dir='ltr'><strong>et</strong></span> <span class='ocrx_word' id='word_1_277' title='bbox 620 3873 824 3964; x_wconf 90' lang='lat' dir='ltr'><strong>presentibus</strong></span> <span class='ocrx_word' id='word_1_278' title='bbox 849 3873 1092 3964; x_wconf 84' lang='lat' dir='ltr'><strong>promulgantes</strong></span> <span class='ocrx_word' id='word_1_279' title='bbox 1118 3884 1289 3963; x_wconf 87' lang='lat' dir='ltr'><strong>exemptos</strong></span> <span class='ocrx_word' id='word_1_280' title='bbox 1315 3895 1333 3940; x_wconf 93' lang='lat' dir='ltr'><strong>a</strong></span> <span class='ocrx_word' id='word_1_281' title='bbox 1358 3894 1439 3964; x_wconf 90' lang='lat' dir='ltr'><strong>pre-</strong></span> 
     </span>
    </p>
   </div>
   <div class='ocr_carea' id='block_1_6' title="bbox 0 0 1584 4732">
    <p class='ocr_par' dir='ltr' id='par_1_6' title="bbox 0 0 1584 4732">
     <span class='ocr_line' id='line_1_35' title="bbox 0 0 1584 4732; baseline 0 0"><span class='ocrx_word' id='word_1_282' title='bbox 0 0 1584 4732; x_wconf 95' lang='lat' dir='ltr'><strong> </strong></span> 
     </span>
    </p>
   </div>
  </div>
 </body>
</html>
