3158 4732
186 547 255 617 208
735 544 942 614 Monumeuta

187 745 219 804 et
244 732 411 803 confirmet
434 756 473 802 ac
498 735 603 802 omnia
628 743 659 802 et
684 734 811 822 singulo
844 737 873 800 in
909 753 950 801 en
977 742 1129 801 contenta
1155 744 1222 801 rata
1247 744 1358 804 teneat
1385 745 1418 803 et
1445 740 1493 804 eis

186 833 336 898 inantea
361 849 426 897 uon
452 830 673 898 contraneniat
698 828 833 895 alicuius
858 830 979 915 ingenij
1006 827 1111 895 studio
1145 828 1198 895 uel
1223 830 1363 913 cautela,
1397 831 1438 897 do
1465 841 1497 898 et

187 927 349 993 constituo
390 926 518 1012 ipsi..
552 925 688 1012 emptori
729 926 758 988 in
799 921 1009 989 fideiussores
1052 921 1223 990 insolidum
1269 923 1492 993 honorabilem

186 1022 290 1088 virum
316 1018 476 1086 dominum
493 1016 781 1086 Eberhardurn
801 1015 852 1109 -de
877 1017 1004 1084 Hirzli
1019 1037 1091 1084 orn
1108 1021 1298 1086 canonicum
1324 1030 1358 1088 et
1382 1020 1495 1087 acchi-

186 1114 367 1205 dyecouum
386 1112 530 1181 ecclesie
556 1110 901 1199 herbipolensis,
925 1132 1055 1179 necnon
1071 1122 1245 1181 strennuos
1259 1117 1351 1183 viros
1379 1113 1490 1183 Con-

187 1208 326 1275 radum
347 1205 677 1276 deNuwenstein
705 1206 847 1290 militem,
872 1205 1202 1296 etErhingerum
1228 1208 1485 1277 deSaweus·

187 1303 292 1371 heim
315 1304 521 1390 armigerum.
547 1302 607 1384 Qui
626 1299 849 1384 fideiussores,
875 1304 986 1368 irrouiti
1002 1303 1030 1368 si
1046 1302 1237 1370 antedictum
1261 1355 1268 1368 .
1291 1355 1297 1368 .
1317 1314 1495 1395 emptorem

186 1397 325 1465 heredes
342 1406 375 1463 et
391 1416 549 1486 personas
565 1395 604 1462 de
621 1392 732 1484 quibus
751 1394 926 1484 predicitur
942 1394 1070 1485 aliquod
1087 1397 1336 1487 inpedimentum
1357 1402 1388 1466 iu
1404 1398 1497 1466 dictis

189 1491 383 1559 molendinis
399 1512 457 1558 seu
470 1493 667 1582 proprietate
680 1491 820 1578 ipsorum
837 1492 1000 1559 sustinere
1016 1493 1240 1580 contigerit,in
1255 1492 1439 1581 obstagiuru
1460 1516 1497 1559 se

187 1589 336 1676 recipere
348 1584 539 1654 tenebuntur
554 1587 585 1652 in
602 1587 731 1652 ciuitate
744 1584 1060 1676 herbipolensi,
1075 1587 1155 1676 apud
1168 1586 1327 1676 publicum
1338 1587 1496 1678 hospitem

191 1684 221 1748 in
248 1681 416 1770 dampnum
443 1699 547 1747 meum
574 1690 606 1747 et
629 1678 781 1747 heredum
807 1700 950 1748 meorum
978 1701 1141 1769 expensas
1174 1702 1266 1749 more
1289 1680 1496 1752 fideiussorio

192 1776 317 1857 surturi,
344 1785 377 1842 et
401 1774 517 1841 deinde
541 1795 606 1842 nou
632 1776 748 1842 exituri
774 1784 836 1840 tam
863 1773 914 1841 diu
939 1778 1011 1842 sine
1033 1796 1112 1843 vara
1150 1776 1255 1844 donec
1280 1777 1495 1867 impedimen-

187 1880 250 1937 tum
287 1868 469 1937 huiusmodi
505 1889 564 1959 per
588 1889 639 1936 me
675 1879 813 1936 amotum
851 1868 949 1936 luerit
980 1873 1106 1959 penitus
1140 1882 1173 1939 et
1204 1870 1372 1940 sublatum.
1422 1872 1496 1941 Vno

188 1966 289 2033 eciam
315 1961 541 2032 fideiussorum
567 1963 782 2053 predictorum
809 1963 945 2032 cedente
970 1965 1022 2031 uel
1050 1963 1228 2034 decedente
1253 1988 1270 2033 a
1303 1967 1417 2035 seculo
1444 1968 1495 2034 uel

188 2081 205 2125 a
231 2069 330 2143 terra,
356 2058 450 2126 alium
477 2067 684 2147 equecertum
711 2079 804 2146 quem
831 2063 901 2148 ipse
928 2110 960 2123 ..
983 2070 1109 2149 eruptor
1134 2059 1273 2128 heredes
1298 2071 1331 2128 et
1354 2083 1497 2151 persone

187 2153 227 2220 de
251 2151 364 2242 quibus
390 2153 564 2242 predicitur
588 2151 817 2242 acceptandum
842 2153 993 2221 duxerint
1017 2156 1168 2242 promitto
1192 2154 1389 2224 substituere
1415 2157 1496 2224 inira

189 2268 332 2315 mensem
359 2258 434 2314 tunc
459 2250 639 2337 proximum
666 2247 741 2314 loco
769 2250 837 2315 sni:
876 2258 930 2317 aut
954 2251 1159 2337 superstites,
1195 2252 1305 2317 moniti
1332 2255 1494 2339 premisso

193 2341 310 2425 modo,
344 2362 381 2409 se
406 2344 618 2432 recipientia
644 2339 846 2430 obstagium,
885 2352 918 2409 et
942 2340 1130 2429 obstagiare
1164 2343 1357 2412 tenebuntur
1391 2345 1497 2413 donec

194 2436 384 2506 substitucio
409 2435 590 2505 huiusmodi
615 2436 764 2525 conpleta
797 2435 895 2504 luerit
920 2458 989 2504 curu
1017 2437 1153 2506 effectu:
1179 2441 1373 2507 renuncians
1398 2462 1496 2531 super

190 2534 360 2621 premissis
384 2530 531 2599 omnibus
557 2540 590 2597 et
614 2531 751 2618 siugulis
789 2534 876 2596 omni
898 2533 980 2617 juris
1007 2535 1153 2597 canonici
1187 2543 1219 2600 et
1243 2532 1348 2600 ciuilis
1374 2536 1495 2603 auxilio

189 2625 276 2716 quod
302 2624 397 2692 michi
424 2635 456 2693 et
480 2624 652 2694 heredibus
689 2627 771 2691 meis
804 2634 915 2692 contra
940 2628 1098 2714 premissa
1136 2627 1189 2694 uel
1222 2647 1333 2695 eorum
1369 2627 1498 2719 aliquod

188 2731 303 2811 posset
327 2723 529 2810 inposterum
567 2718 810 2809 quomodolibet
841 2719 1028 2808 sullragari,
1066 2720 1176 2788 lraude
1202 2732 1234 2790 et
1259 2721 1335 2791 dolo
1371 2729 1498 2814 penitus

187 2819 449 2905 circumscriptis.

282 2908 352 2978 Nos
378 2931 506 3000 quoque
532 2908 805 2977 Eberhardus
832 2907 1100 2977 dellirzhorn
1128 2915 1303 2980 canonicus
1329 2924 1361 2979 et
1386 2915 1497 2982 archi-

191 3005 347 3073 diaconus
370 3004 513 3073 ecclesie
538 3002 886 3093 herbipolensis,
912 3003 1130 3072 Conradus
1157 3005 1196 3074 de
1221 3006 1497 3077 Nuwenstein

193 3101 308 3182 miles„
347 3097 671 3186 etErkingerus
709 3099 749 3164 de
775 3097 1064 3167 Saweusheim
1092 3103 1253 3188 aroriger2
1287 3101 1497 3172 fideiussores

190 3195 415 3283 prenominati,
440 3195 710 3281 recognoscimus
723 3214 785 3260 nos
800 3191 1000 3262 fideiussisse
1013 3194 1094 3284 apud
1106 3197 1261 3284 prelatum
1275 3250 1282 3264 .
1298 3250 1305 3264 .
1319 3208 1496 3286 emptorem

192 3287 330 3355 heredes
358 3298 389 3355 et
415 3309 573 3375 personas
600 3285 778 3376 dequibus
806 3286 996 3377 predicitur2
1029 3288 1125 3357 etad
1152 3291 1386 3360 exsoluendam
1413 3291 1498 3360 lide-

191 3386 346 3450 iussionis
374 3381 512 3449 debiturn
538 3381 635 3449 modo
661 3385 821 3471 premisso
855 3404 916 3450 uos
941 3383 1112 3452 insolidum
1137 3387 1341 3474 presentibus
1366 3385 1499 3455 firmiter

189 3478 380 3565 obligamus.

92 3650 95 3655 ¹
287 3571 326 3638 lu
352 3591 484 3658 quorum
512 3574 650 3638 omnium
677 3581 709 3637 et
733 3572 934 3659 singulorum
950 3577 1164 3642 testimonium
1192 3586 1286 3665 atque
1310 3576 1409 3644 robur
1433 3601 1497 3668 ego

193 3667 344 3733 venditor
370 3674 403 3733 et
427 3663 638 3733 fideiussores
653 3670 864 3754 prenominati
890 3678 1073 3757 presentem
1086 3669 1225 3738 litteram
1251 3671 1361 3759 sigillo
1388 3673 1497 3741 hono·

191 3760 303 3828 rabilis
338 3763 399 3826 viri
438 3759 556 3827 domiui
584 3811 592 3826 .
620 3811 626 3825 .
653 3760 802 3828 ollirialis
838 3765 926 3828 curie
962 3763 1292 3853 herbipolensis
1328 3772 1497 3858 petiuimus

197 3866 230 3922 et
255 3855 448 3923 obtinuimus
474 3854 633 3923 roborari.
684 3855 775 3937 Quod
800 3876 861 3924 uos
887 3856 1052 3924 iamdictus
1081 3859 1277 3927 ..obiciatis
1302 3866 1391 3928 curie
1418 3885 1496 3952 pre-

193 3950 278 4017 dicte
316 3949 354 4015 ad
380 3952 572 4040 peticionem
607 3950 787 4018 venditoris
814 3960 845 4016 et
871 3951 1094 4020 fideiussorum
1121 3954 1335 4045 predictorum
1363 3959 1393 4022 iu
1417 3979 1496 4046 pre-
