<?xml version="1.0" encoding="UTF-8"?>
<!DOCTYPE html PUBLIC "-//W3C//DTD XHTML 1.0 Transitional//EN"
    "http://www.w3.org/TR/xhtml1/DTD/xhtml1-transitional.dtd">
<html xmlns="http://www.w3.org/1999/xhtml" xml:lang="en" lang="en">
 <head>
  <title>
</title>
<meta http-equiv="Content-Type" content="text/html;charset=utf-8" />
  <meta name='ocr-system' content='tesseract 3.04.00' />
  <meta name='ocr-capabilities' content='ocr_page ocr_carea ocr_par ocr_line ocrx_word'/>
</head>
<body>
  <div class='ocr_page' id='page_1' title='image "./monumentaboicae22wissgoog_0540.png"; bbox 0 0 3158 4732; ppageno 0'>
   <div class='ocr_carea' id='block_1_1' title="bbox 130 522 887 593">
    <p class='ocr_par' dir='ltr' id='par_1_1' title="bbox 130 522 887 593">
     <span class='ocr_line' id='line_1_1' title="bbox 130 522 887 593; baseline 0 -1"><span class='ocrx_word' id='word_1_1' title='bbox 130 525 200 592; x_wconf 89' lang='lat'>518</span> <span class='ocrx_word' id='word_1_2' title='bbox 680 522 887 593; x_wconf 79' lang='lat' dir='ltr'>Monumentu</span> 
     </span>
    </p>
   </div>
   <div class='ocr_carea' id='block_1_2' title="bbox 130 712 1457 4027">
    <p class='ocr_par' dir='ltr' id='par_1_2' title="bbox 131 712 1457 1847">
     <span class='ocr_line' id='line_1_2' title="bbox 133 712 1457 803; baseline 0.003 -21"><span class='ocrx_word' id='word_1_3' title='bbox 133 734 293 802; x_wconf 88' lang='lat' dir='ltr'>suosque.</span> <span class='ocrx_word' id='word_1_4' title='bbox 309 714 507 782; x_wconf 81' lang='lat' dir='ltr'>,fautoresa</span> <span class='ocrx_word' id='word_1_5' title='bbox 531 712 615 780; x_wconf 87' lang='lat' dir='ltr'>dicta</span> <span class='ocrx_word' id='word_1_6' title='bbox 631 712 710 780; x_wconf 90' lang='lat' dir='ltr'>sede</span> <span class='ocrx_word' id='word_1_7' title='bbox 731 712 942 802; x_wconf 85' lang='lat' dir='ltr'>promulgatis</span> <span class='ocrx_word' id='word_1_8' title='bbox 968 713 1159 796; x_wconf 89' lang='lat' dir='ltr'>iamdudum,</span> <span class='ocrx_word' id='word_1_9' title='bbox 1184 735 1266 803; x_wconf 86' lang='lat' dir='ltr'>quas</span> <span class='ocrx_word' id='word_1_10' title='bbox 1292 716 1457 788; x_wconf 81' lang='lat' dir='ltr'>incidisse</span> 
     </span>
     <span class='ocr_line' id='line_1_3' title="bbox 132 807 1455 898; baseline 0.005 -24"><span class='ocrx_word' id='word_1_11' title='bbox 132 829 317 893; x_wconf 78' lang='lat' dir='ltr'>censemur,</span> <span class='ocrx_word' id='word_1_12' title='bbox 342 819 374 876; x_wconf 89' lang='lat' dir='ltr'>et</span> <span class='ocrx_word' id='word_1_13' title='bbox 399 808 510 898; x_wconf 88' lang='lat' dir='ltr'>quibus</span> <span class='ocrx_word' id='word_1_14' title='bbox 537 812 638 875; x_wconf 87' lang='lat' dir='ltr'>eciem</span> <span class='ocrx_word' id='word_1_15' title='bbox 665 807 840 876; x_wconf 89' lang='lat' dir='ltr'>secundum</span> <span class='ocrx_word' id='word_1_16' title='bbox 866 819 1012 877; x_wconf 89' lang='lat' dir='ltr'>tenorem</span> <span class='ocrx_word' id='word_1_17' title='bbox 1046 809 1202 876; x_wconf 92' lang='lat' dir='ltr'>dictorum</span> <span class='ocrx_word' id='word_1_18' title='bbox 1228 830 1455 898; x_wconf 78' lang='lat' dir='ltr'><strong>processuum</strong></span> 
     </span>
     <span class='ocr_line' id='line_1_4' title="bbox 132 903 1454 994; baseline 0.005 -24"><span class='ocrx_word' id='word_1_19' title='bbox 132 913 245 970; x_wconf 86' lang='lat' dir='ltr'>nostra</span> <span class='ocrx_word' id='word_1_20' title='bbox 272 956 279 969; x_wconf 94' lang='lat'>.</span> <span class='ocrx_word' id='word_1_21' title='bbox 308 956 314 970; x_wconf 95' lang='lat'>.</span> <span class='ocrx_word' id='word_1_22' title='bbox 342 903 479 994; x_wconf 91' lang='lat' dir='ltr'>capitula</span> <span class='ocrx_word' id='word_1_23' title='bbox 506 957 513 969; x_wconf 92' lang='lat'><strong>.</strong></span> <span class='ocrx_word' id='word_1_24' title='bbox 543 956 549 969; x_wconf 93' lang='lat'>.</span> <span class='ocrx_word' id='word_1_25' title='bbox 577 903 719 990; x_wconf 89' lang='lat' dir='ltr'>collegia</span> <span class='ocrx_word' id='word_1_26' title='bbox 746 913 778 970; x_wconf 88' lang='lat' dir='ltr'>ct</span> <span class='ocrx_word' id='word_1_27' title='bbox 805 956 812 969; x_wconf 91' lang='lat'>.</span> <span class='ocrx_word' id='word_1_28' title='bbox 839 956 846 970; x_wconf 93' lang='lat'>.</span> <span class='ocrx_word' id='word_1_29' title='bbox 873 914 1065 987; x_wconf 72' lang='lat' dir='ltr'>conuentus,</span> <span class='ocrx_word' id='word_1_30' title='bbox 1091 904 1234 971; x_wconf 87' lang='lat' dir='ltr'>ecclesia</span> <span class='ocrx_word' id='word_1_31' title='bbox 1261 909 1371 973; x_wconf 89' lang='lat' dir='ltr'>eciam</span> <span class='ocrx_word' id='word_1_32' title='bbox 1398 910 1454 976; x_wconf 94' lang='lat' dir='ltr'>ci-</span> 
     </span>
     <span class='ocr_line' id='line_1_5' title="bbox 133 997 1455 1090; baseline 0.005 -26"><span class='ocrx_word' id='word_1_33' title='bbox 133 1001 216 1066; x_wconf 90' lang='lat' dir='ltr'>uitas</span> <span class='ocrx_word' id='word_1_34' title='bbox 242 1007 275 1065; x_wconf 88' lang='lat' dir='ltr'>et</span> <span class='ocrx_word' id='word_1_35' title='bbox 300 998 455 1090; x_wconf 76' lang='lat' dir='ltr'>dyocesis</span> <span class='ocrx_word' id='word_1_36' title='bbox 480 997 803 1088; x_wconf 80' lang='lat' dir='ltr'>herbipolensis</span> <span class='ocrx_word' id='word_1_37' title='bbox 830 999 957 1088; x_wconf 84' lang='lat' dir='ltr'>alioque</span> <span class='ocrx_word' id='word_1_38' title='bbox 984 999 1127 1068; x_wconf 81' lang='lat' dir='ltr'>ecclesie</span> <span class='ocrx_word' id='word_1_39' title='bbox 1152 999 1282 1089; x_wconf 88' lang='lat' dir='ltr'>capelle</span> <span class='ocrx_word' id='word_1_40' title='bbox 1307 1022 1351 1067; x_wconf 91' lang='lat' dir='ltr'>ac</span> <span class='ocrx_word' id='word_1_41' title='bbox 1376 1001 1455 1071; x_wconf 87' lang='lat' dir='ltr'>loca</span> 
     </span>
     <span class='ocr_line' id='line_1_6' title="bbox 132 1092 1454 1187; baseline 0.005 -27"><span class='ocrx_word' id='word_1_42' title='bbox 132 1102 245 1161; x_wconf 91' lang='lat' dir='ltr'>nostra</span> <span class='ocrx_word' id='word_1_43' title='bbox 270 1092 385 1161; x_wconf 88' lang='lat' dir='ltr'>ibidem</span> <span class='ocrx_word' id='word_1_44' title='bbox 412 1096 604 1162; x_wconf 89' lang='lat' dir='ltr'>coniunctim</span> <span class='ocrx_word' id='word_1_45' title='bbox 640 1114 699 1160; x_wconf 87' lang='lat' dir='ltr'>seu</span> <span class='ocrx_word' id='word_1_46' title='bbox 726 1092 850 1160; x_wconf 90' lang='lat' dir='ltr'>diuisim</span> <span class='ocrx_word' id='word_1_47' title='bbox 878 1094 1049 1162; x_wconf 90' lang='lat' dir='ltr'>subiacere</span> <span class='ocrx_word' id='word_1_48' title='bbox 1074 1104 1269 1179; x_wconf 75' lang='lat' dir='ltr'>censentur,</span> <span class='ocrx_word' id='word_1_49' title='bbox 1295 1101 1454 1187; x_wconf 87' lang='lat' dir='ltr'>exceptis</span> 
     </span>
     <span class='ocr_line' id='line_1_7' title="bbox 133 1187 1453 1278; baseline 0.005 -24"><span class='ocrx_word' id='word_1_50' title='bbox 133 1188 338 1276; x_wconf 83' lang='lat' dir='ltr'>..gordiano</span> <span class='ocrx_word' id='word_1_51' title='bbox 366 1198 399 1256; x_wconf 90' lang='lat' dir='ltr'>et</span> <span class='ocrx_word' id='word_1_52' title='bbox 425 1241 432 1255; x_wconf 93' lang='lat'>.</span> <span class='ocrx_word' id='word_1_53' title='bbox 459 1241 466 1256; x_wconf 94' lang='lat'><strong><em>.</em></strong></span> <span class='ocrx_word' id='word_1_54' title='bbox 493 1187 645 1255; x_wconf 87' lang='lat' dir='ltr'>fratribus</span> <span class='ocrx_word' id='word_1_55' title='bbox 671 1188 848 1256; x_wconf 87' lang='lat' dir='ltr'>minoribus</span> <span class='ocrx_word' id='word_1_56' title='bbox 874 1189 1052 1278; x_wconf 73' lang='lat' dir='ltr'>prelibatis,</span> <span class='ocrx_word' id='word_1_57' title='bbox 1078 1211 1117 1256; x_wconf 91' lang='lat' dir='ltr'>ac</span> <span class='ocrx_word' id='word_1_58' title='bbox 1133 1192 1260 1257; x_wconf 87' lang='lat' dir='ltr'>eciam.</span> <span class='ocrx_word' id='word_1_59' title='bbox 1284 1202 1453 1260; x_wconf 88' lang='lat' dir='ltr'>.sancte-</span> 
     </span>
     <span class='ocr_line' id='line_1_8' title="bbox 132 1283 1452 1370; baseline 0.007 -22"><span class='ocrx_word' id='word_1_60' title='bbox 132 1283 326 1351; x_wconf 83' lang='lat' dir='ltr'>monialibus</span> <span class='ocrx_word' id='word_1_61' title='bbox 351 1286 539 1370; x_wconf 75' lang='lat' dir='ltr'>monasterii</span> <span class='ocrx_word' id='word_1_62' title='bbox 566 1293 678 1350; x_wconf 89' lang='lat' dir='ltr'>sancte</span> <span class='ocrx_word' id='word_1_63' title='bbox 704 1286 885 1370; x_wconf 81' lang='lat' dir='ltr'>Agnetis</span> <span class='ocrx_word' id='word_1_64' title='bbox 913 1283 1034 1352; x_wconf 86' lang='lat' dir='ltr'>ordinis</span> <span class='ocrx_word' id='word_1_65' title='bbox 1060 1295 1173 1352; x_wconf 90' lang='lat' dir='ltr'>sancte</span> <span class='ocrx_word' id='word_1_66' title='bbox 1199 1283 1331 1352; x_wconf 80' lang='lat' dir='ltr'>Clare</span> <span class='ocrx_word' id='word_1_67' title='bbox 1354 1289 1452 1357; x_wconf 84' lang='lat' dir='ltr'>suis-</span> 
     </span>
     <span class='ocr_line' id='line_1_9' title="bbox 132 1377 1452 1470; baseline 0.004 -25"><span class='ocrx_word' id='word_1_68' title='bbox 132 1400 194 1467; x_wconf 90' lang='lat' dir='ltr'>que</span> <span class='ocrx_word' id='word_1_69' title='bbox 220 1433 226 1446; x_wconf 93' lang='lat'>.</span> <span class='ocrx_word' id='word_1_70' title='bbox 255 1431 262 1443; x_wconf 94' lang='lat'>.</span> <span class='ocrx_word' id='word_1_71' title='bbox 298 1379 510 1446; x_wconf 85' lang='lat' dir='ltr'>conuentibus</span> <span class='ocrx_word' id='word_1_72' title='bbox 545 1381 739 1445; x_wconf 85' lang='lat' dir='ltr'>concertis</span> <span class='ocrx_word' id='word_1_73' title='bbox 775 1381 824 1446; x_wconf 92' lang='lat' dir='ltr'>sui</span> <span class='ocrx_word' id='word_1_74' title='bbox 851 1377 974 1446; x_wconf 92' lang='lat' dir='ltr'>ordinis</span> <span class='ocrx_word' id='word_1_75' title='bbox 1003 1431 1010 1445; x_wconf 90' lang='lat'><strong>.</strong></span> <span class='ocrx_word' id='word_1_76' title='bbox 1038 1431 1044 1445; x_wconf 95' lang='lat'>.</span> <span class='ocrx_word' id='word_1_77' title='bbox 1072 1381 1223 1470; x_wconf 90' lang='lat' dir='ltr'>personis</span> <span class='ocrx_word' id='word_1_78' title='bbox 1252 1381 1452 1469; x_wconf 89' lang='lat' dir='ltr'>jampridem</span> 
     </span>
     <span class='ocr_line' id='line_1_10' title="bbox 131 1471 1451 1554; baseline 0.005 -15"><span class='ocrx_word' id='word_1_79' title='bbox 131 1477 163 1539; x_wconf 92' lang='lat' dir='ltr'>in</span> <span class='ocrx_word' id='word_1_80' title='bbox 188 1473 252 1540; x_wconf 95' lang='lat' dir='ltr'>hoc</span> <span class='ocrx_word' id='word_1_81' title='bbox 278 1495 355 1541; x_wconf 89' lang='lat' dir='ltr'>casu</span> <span class='ocrx_word' id='word_1_82' title='bbox 389 1472 615 1540; x_wconf 90' lang='lat' dir='ltr'>bawarino</span> <span class='ocrx_word' id='word_1_83' title='bbox 650 1471 755 1539; x_wconf 88' lang='lat' dir='ltr'>debite</span> <span class='ocrx_word' id='word_1_84' title='bbox 788 1471 968 1554; x_wconf 74' lang='lat' dir='ltr'>absolutis,</span> <span class='ocrx_word' id='word_1_85' title='bbox 1001 1495 1130 1544; x_wconf 87' lang='lat' dir='ltr'>necnon</span> <span class='ocrx_word' id='word_1_86' title='bbox 1162 1473 1201 1540; x_wconf 90' lang='lat' dir='ltr'>ad</span> <span class='ocrx_word' id='word_1_87' title='bbox 1226 1472 1451 1545; x_wconf 85' lang='lat' dir='ltr'>confitendum</span> 
     </span>
     <span class='ocr_line' id='line_1_11' title="bbox 131 1567 1453 1657; baseline 0.004 -22"><span class='ocrx_word' id='word_1_88' title='bbox 131 1567 285 1657; x_wconf 81' lang='lat' dir='ltr'>specifice</span> <span class='ocrx_word' id='word_1_89' title='bbox 310 1578 342 1635; x_wconf 91' lang='lat' dir='ltr'>et</span> <span class='ocrx_word' id='word_1_90' title='bbox 368 1568 492 1635; x_wconf 92' lang='lat' dir='ltr'>diuisim</span> <span class='ocrx_word' id='word_1_91' title='bbox 529 1578 661 1634; x_wconf 91' lang='lat' dir='ltr'>nostros</span> <span class='ocrx_word' id='word_1_92' title='bbox 689 1587 849 1634; x_wconf 84' lang='lat' dir='ltr'>excessus</span> <span class='ocrx_word' id='word_1_93' title='bbox 885 1578 917 1634; x_wconf 91' lang='lat' dir='ltr'>et</span> <span class='ocrx_word' id='word_1_94' title='bbox 942 1568 1089 1637; x_wconf 86' lang='lat' dir='ltr'>delectus</span> <span class='ocrx_word' id='word_1_95' title='bbox 1124 1572 1156 1636; x_wconf 94' lang='lat' dir='ltr'>in</span> <span class='ocrx_word' id='word_1_96' title='bbox 1189 1571 1384 1657; x_wconf 76' lang='lat' dir='ltr'>premissis,</span> <span class='ocrx_word' id='word_1_97' title='bbox 1419 1583 1453 1640; x_wconf 93' lang='lat' dir='ltr'>et</span> 
     </span>
     <span class='ocr_line' id='line_1_12' title="bbox 133 1662 1450 1754; baseline 0.004 -25"><span class='ocrx_word' id='word_1_98' title='bbox 133 1662 171 1729; x_wconf 91' lang='lat' dir='ltr'>ad</span> <span class='ocrx_word' id='word_1_99' title='bbox 193 1662 363 1749; x_wconf 87' lang='lat' dir='ltr'>jurandum</span> <span class='ocrx_word' id='word_1_100' title='bbox 391 1666 492 1730; x_wconf 88' lang='lat' dir='ltr'>eciam</span> <span class='ocrx_word' id='word_1_101' title='bbox 508 1665 540 1729; x_wconf 89' lang='lat' dir='ltr'>in</span> <span class='ocrx_word' id='word_1_102' title='bbox 562 1664 685 1728; x_wconf 88' lang='lat' dir='ltr'>animas</span> <span class='ocrx_word' id='word_1_103' title='bbox 710 1671 840 1729; x_wconf 89' lang='lat' dir='ltr'>nostras</span> <span class='ocrx_word' id='word_1_104' title='bbox 867 1662 1056 1731; x_wconf 87' lang='lat' dir='ltr'>articulos&#39;</span> <span class='ocrx_word' id='word_1_105' title='bbox 1047 1685 1079 1731; x_wconf 85' lang='lat' dir='ltr'>in</span> <span class='ocrx_word' id='word_1_106' title='bbox 1105 1664 1223 1731; x_wconf 89' lang='lat' dir='ltr'>litteris</span> <span class='ocrx_word' id='word_1_107' title='bbox 1249 1664 1450 1754; x_wconf 90' lang='lat' dir='ltr'>apostolicis</span> 
     </span>
     <span class='ocr_line' id='line_1_13' title="bbox 132 1754 1452 1868; baseline 0.005 -45"><span class='ocrx_word' id='word_1_108' title='bbox 132 1756 290 1868; x_wconf 82' lang='lat' dir='ltr'>prelibato</span> <span class='ocrx_word' id='word_1_109' title='bbox 317 1756 447 1824; x_wconf 93' lang='lat' dir='ltr'>domino</span> <span class='ocrx_word' id='word_1_110' title='bbox 473 1760 630 1845; x_wconf 90' lang='lat' dir='ltr'>episcopo</span> <span class='ocrx_word' id='word_1_111' title='bbox 665 1754 978 1844; x_wconf 82' lang='lat' dir='ltr'>bambergensi</span> <span class='ocrx_word' id='word_1_112' title='bbox 1005 1757 1135 1826; x_wconf 88' lang='lat' dir='ltr'>directis</span> <span class='ocrx_word' id='word_1_113' title='bbox 1170 1766 1346 1827; x_wconf 87' lang='lat' dir='ltr'>contentos</span> <span class='ocrx_word' id='word_1_114' title='bbox 1382 1760 1452 1829; x_wconf 93' lang='lat' dir='ltr'>ob-</span> 
     </span>
    </p>

    <p class='ocr_par' dir='ltr' id='par_1_3' title="bbox 130 1830 1454 4027">
     <span class='ocr_line' id='line_1_14' title="bbox 131 1830 1452 1945; baseline 0.003 -26"><span class='ocrx_word' id='word_1_115' title='bbox 131 1830 398 1940; x_wconf 88' lang='lat' dir='ltr'>seruanciamque</span> <span class='ocrx_word' id='word_1_116' title='bbox 425 1873 535 1918; x_wconf 87' lang='lat' dir='ltr'>eorum</span> <span class='ocrx_word' id='word_1_117' title='bbox 547 1854 656 1937; x_wconf 81' lang='lat' dir='ltr'>‚jtem</span> <span class='ocrx_word' id='word_1_118' title='bbox 691 1850 729 1916; x_wconf 89' lang='lat' dir='ltr'>ad</span> <span class='ocrx_word' id='word_1_119' title='bbox 763 1851 935 1939; x_wconf 89' lang='lat' dir='ltr'>petendum</span> <span class='ocrx_word' id='word_1_120' title='bbox 969 1862 1001 1917; x_wconf 88' lang='lat' dir='ltr'>et</span> <span class='ocrx_word' id='word_1_121' title='bbox 1026 1851 1244 1941; x_wconf 89' lang='lat' dir='ltr'>recipiendum</span> <span class='ocrx_word' id='word_1_122' title='bbox 1280 1862 1319 1921; x_wconf 87' lang='lat' dir='ltr'>vt</span> <span class='ocrx_word' id='word_1_123' title='bbox 1349 1875 1452 1945; x_wconf 88' lang='lat' dir='ltr'>snpra</span> 
     </span>
     <span class='ocr_line' id='line_1_15' title="bbox 130 1901 1451 2036; baseline 0.005 -24"><span class='ocrx_word' id='word_1_124' title='bbox 130 1946 293 2013; x_wconf 88' lang='lat' dir='ltr'>humiliter</span> <span class='ocrx_word' id='word_1_125' title='bbox 318 1956 413 2035; x_wconf 89' lang='lat' dir='ltr'>atque</span> <span class='ocrx_word' id='word_1_126' title='bbox 439 1951 500 2013; x_wconf 90' lang='lat' dir='ltr'>rite</span> <span class='ocrx_word' id='word_1_127' title='bbox 526 1901 641 2012; x_wconf 87' lang='lat' dir='ltr'>nbstro</span> <span class='ocrx_word' id='word_1_128' title='bbox 667 1949 797 2011; x_wconf 91' lang='lat' dir='ltr'>nomine</span> <span class='ocrx_word' id='word_1_129' title='bbox 820 1956 852 2011; x_wconf 92' lang='lat' dir='ltr'>et</span> <span class='ocrx_word' id='word_1_130' title='bbox 867 1967 925 2036; x_wconf 92' lang='lat' dir='ltr'>pro</span> <span class='ocrx_word' id='word_1_131' title='bbox 951 1946 1045 2013; x_wconf 91' lang='lat' dir='ltr'>nobis</span> <span class='ocrx_word' id='word_1_132' title='bbox 1073 1946 1219 2014; x_wconf 91' lang='lat' dir='ltr'>omnibus</span> <span class='ocrx_word' id='word_1_133' title='bbox 1246 1955 1279 2013; x_wconf 89' lang='lat' dir='ltr'>at</span> <span class='ocrx_word' id='word_1_134' title='bbox 1305 1950 1451 2036; x_wconf 88' lang='lat' dir='ltr'>singulis</span> 
     </span>
     <span class='ocr_line' id='line_1_16' title="bbox 131 2039 1452 2112; baseline 0.004 -5"><span class='ocrx_word' id='word_1_135' title='bbox 131 2041 315 2108; x_wconf 88' lang='lat' dir='ltr'>indistincte</span> <span class='ocrx_word' id='word_1_136' title='bbox 341 2063 400 2110; x_wconf 92' lang='lat' dir='ltr'>seu</span> <span class='ocrx_word' id='word_1_137' title='bbox 427 2040 645 2107; x_wconf 80' lang='lat' dir='ltr'>indifferenter</span> <span class='ocrx_word' id='word_1_138' title='bbox 670 2043 873 2107; x_wconf 88' lang='lat' dir='ltr'>conmuniter</span> <span class='ocrx_word' id='word_1_139' title='bbox 898 2063 937 2106; x_wconf 91' lang='lat' dir='ltr'>ac</span> <span class='ocrx_word' id='word_1_140' title='bbox 956 2041 1081 2108; x_wconf 90' lang='lat' dir='ltr'>diuisim</span> <span class='ocrx_word' id='word_1_141' title='bbox 1108 2039 1287 2109; x_wconf 90' lang='lat' dir='ltr'>abeodem</span> <span class='ocrx_word' id='word_1_142' title='bbox 1316 2040 1452 2112; x_wconf 91' lang='lat' dir='ltr'>domino</span> 
     </span>
     <span class='ocr_line' id='line_1_17' title="bbox 130 2133 1453 2226; baseline 0.002 -23"><span class='ocrx_word' id='word_1_143' title='bbox 130 2139 288 2226; x_wconf 88' lang='lat' dir='ltr'>episcopo</span> <span class='ocrx_word' id='word_1_144' title='bbox 322 2133 644 2223; x_wconf 75' lang='lat' dir='ltr'>bambergensi,</span> <span class='ocrx_word' id='word_1_145' title='bbox 679 2137 893 2202; x_wconf 90' lang='lat' dir='ltr'>conmissario</span> <span class='ocrx_word' id='word_1_146' title='bbox 932 2138 1034 2201; x_wconf 90' lang='lat' dir='ltr'>eciam</span> <span class='ocrx_word' id='word_1_147' title='bbox 1074 2135 1213 2221; x_wconf 79' lang='lat' dir='ltr'>desuper</span> <span class='ocrx_word' id='word_1_148' title='bbox 1253 2141 1453 2206; x_wconf 89' lang='lat' dir='ltr'>auctoritate</span> 
     </span>
     <span class='ocr_line' id='line_1_18' title="bbox 131 2228 1451 2320; baseline 0.003 -23"><span class='ocrx_word' id='word_1_149' title='bbox 131 2234 233 2318; x_wconf 86' lang='lat' dir='ltr'>ipsius</span> <span class='ocrx_word' id='word_1_150' title='bbox 259 2230 348 2299; x_wconf 89' lang='lat' dir='ltr'>sedis</span> <span class='ocrx_word' id='word_1_151' title='bbox 374 2231 555 2320; x_wconf 87' lang='lat' dir='ltr'>apostolice</span> <span class='ocrx_word' id='word_1_152' title='bbox 582 2228 747 2318; x_wconf 65' lang='lat' dir='ltr'>deputato,</span> <span class='ocrx_word' id='word_1_153' title='bbox 773 2228 962 2296; x_wconf 87' lang='lat' dir='ltr'>beneficium</span> <span class='ocrx_word' id='word_1_154' title='bbox 989 2228 1210 2297; x_wconf 88' lang='lat' dir='ltr'>absolucionis</span> <span class='ocrx_word' id='word_1_155' title='bbox 1237 2234 1451 2301; x_wconf 89' lang='lat' dir='ltr'>remissionis</span> 
     </span>
     <span class='ocr_line' id='line_1_19' title="bbox 132 2323 1452 2415; baseline 0.003 -24"><span class='ocrx_word' id='word_1_156' title='bbox 132 2325 410 2415; x_wconf 20' lang='lat' dir='ltr'>etprelaxacionis</span> <span class='ocrx_word' id='word_1_157' title='bbox 436 2325 475 2391; x_wconf 91' lang='lat' dir='ltr'>ab</span> <span class='ocrx_word' id='word_1_158' title='bbox 501 2326 843 2392; x_wconf 81' lang='lat' dir='ltr'>exconmunicacionis</span> <span class='ocrx_word' id='word_1_159' title='bbox 869 2327 1094 2413; x_wconf 88' lang='lat' dir='ltr'>suspensionis</span> <span class='ocrx_word' id='word_1_160' title='bbox 1111 2332 1144 2391; x_wconf 89' lang='lat' dir='ltr'>et</span> <span class='ocrx_word' id='word_1_161' title='bbox 1166 2323 1334 2410; x_wconf 74' lang='lat' dir='ltr'>interdicti</span> <span class='ocrx_word' id='word_1_162' title='bbox 1348 2326 1452 2395; x_wconf 91' lang='lat' dir='ltr'>aliis-</span> 
     </span>
     <span class='ocr_line' id='line_1_20' title="bbox 132 2417 1452 2509; baseline 0.002 -23"><span class='ocrx_word' id='word_1_163' title='bbox 132 2441 195 2508; x_wconf 86' lang='lat' dir='ltr'>que</span> <span class='ocrx_word' id='word_1_164' title='bbox 220 2423 311 2509; x_wconf 88' lang='lat' dir='ltr'>penis</span> <span class='ocrx_word' id='word_1_165' title='bbox 330 2430 362 2486; x_wconf 89' lang='lat' dir='ltr'>et</span> <span class='ocrx_word' id='word_1_166' title='bbox 377 2422 554 2506; x_wconf 88' lang='lat' dir='ltr'>sentencijs</span> <span class='ocrx_word' id='word_1_167' title='bbox 581 2439 642 2485; x_wconf 90' lang='lat' dir='ltr'>nos</span> <span class='ocrx_word' id='word_1_168' title='bbox 667 2417 822 2486; x_wconf 86' lang='lat' dir='ltr'>videlicet</span> <span class='ocrx_word' id='word_1_169' title='bbox 847 2440 905 2486; x_wconf 90' lang='lat' dir='ltr'>seu</span> <span class='ocrx_word' id='word_1_170' title='bbox 932 2440 1091 2507; x_wconf 88' lang='lat' dir='ltr'>personas</span> <span class='ocrx_word' id='word_1_171' title='bbox 1116 2427 1247 2486; x_wconf 87' lang='lat' dir='ltr'>nostras</span> <span class='ocrx_word' id='word_1_172' title='bbox 1273 2430 1452 2488; x_wconf 89' lang='lat' dir='ltr'>nostrum·</span> 
     </span>
     <span class='ocr_line' id='line_1_21' title="bbox 132 2512 1452 2604; baseline 0.003 -24"><span class='ocrx_word' id='word_1_173' title='bbox 132 2536 194 2603; x_wconf 87' lang='lat' dir='ltr'>que</span> <span class='ocrx_word' id='word_1_174' title='bbox 221 2567 228 2581; x_wconf 92' lang='lat'><strong><em>.</em></strong></span> <span class='ocrx_word' id='word_1_175' title='bbox 257 2567 264 2580; x_wconf 87' lang='lat'><strong>.</strong></span> <span class='ocrx_word' id='word_1_176' title='bbox 291 2514 428 2604; x_wconf 88' lang='lat' dir='ltr'>capitula</span> <span class='ocrx_word' id='word_1_177' title='bbox 457 2567 463 2580; x_wconf 92' lang='lat'><strong>.</strong></span> <span class='ocrx_word' id='word_1_178' title='bbox 493 2567 498 2580; x_wconf 93' lang='lat'>.</span> <span class='ocrx_word' id='word_1_179' title='bbox 526 2514 667 2600; x_wconf 89' lang='lat' dir='ltr'>collegia</span> <span class='ocrx_word' id='word_1_180' title='bbox 694 2524 726 2580; x_wconf 88' lang='lat' dir='ltr'>ct</span> <span class='ocrx_word' id='word_1_181' title='bbox 752 2565 759 2579; x_wconf 94' lang='lat'><strong>.</strong></span> <span class='ocrx_word' id='word_1_182' title='bbox 786 2566 792 2579; x_wconf 95' lang='lat'>.</span> <span class='ocrx_word' id='word_1_183' title='bbox 820 2524 1000 2581; x_wconf 89' lang='lat' dir='ltr'>conuentus</span> <span class='ocrx_word' id='word_1_184' title='bbox 1028 2512 1202 2581; x_wconf 88' lang='lat' dir='ltr'>ecclesiam</span> <span class='ocrx_word' id='word_1_185' title='bbox 1229 2515 1334 2580; x_wconf 89' lang='lat' dir='ltr'>eciam</span> <span class='ocrx_word' id='word_1_186' title='bbox 1361 2519 1452 2584; x_wconf 91' lang='lat' dir='ltr'>ciui-</span> 
     </span>
     <span class='ocr_line' id='line_1_22' title="bbox 131 2605 1453 2699; baseline 0.004 -25"><span class='ocrx_word' id='word_1_187' title='bbox 131 2621 227 2675; x_wconf 89' lang='lat' dir='ltr'>tatem</span> <span class='ocrx_word' id='word_1_188' title='bbox 255 2619 286 2675; x_wconf 92' lang='lat' dir='ltr'>et</span> <span class='ocrx_word' id='word_1_189' title='bbox 312 2609 481 2699; x_wconf 72' lang='lat' dir='ltr'>dyocesim</span> <span class='ocrx_word' id='word_1_190' title='bbox 508 2605 858 2698; x_wconf 88' lang='lat' dir='ltr'>herbipolensem</span> <span class='ocrx_word' id='word_1_191' title='bbox 883 2609 1028 2697; x_wconf 89' lang='lat' dir='ltr'>aliasque</span> <span class='ocrx_word' id='word_1_192' title='bbox 1054 2609 1215 2676; x_wconf 89' lang='lat' dir='ltr'>ecclesias</span> <span class='ocrx_word' id='word_1_193' title='bbox 1240 2608 1390 2699; x_wconf 89' lang='lat' dir='ltr'>capellas</span> <span class='ocrx_word' id='word_1_194' title='bbox 1413 2633 1453 2678; x_wconf 89' lang='lat' dir='ltr'>ac</span> 
     </span>
     <span class='ocr_line' id='line_1_23' title="bbox 130 2702 1450 2793; baseline 0.002 -23"><span class='ocrx_word' id='word_1_195' title='bbox 130 2703 204 2771; x_wconf 91' lang='lat' dir='ltr'>loca</span> <span class='ocrx_word' id='word_1_196' title='bbox 230 2715 377 2772; x_wconf 88' lang='lat' dir='ltr'>nostrum</span> <span class='ocrx_word' id='word_1_197' title='bbox 402 2704 518 2771; x_wconf 89' lang='lat' dir='ltr'>ibidem</span> <span class='ocrx_word' id='word_1_198' title='bbox 546 2706 739 2770; x_wconf 89' lang='lat' dir='ltr'>coniunctim</span> <span class='ocrx_word' id='word_1_199' title='bbox 767 2725 825 2771; x_wconf 89' lang='lat' dir='ltr'>seu</span> <span class='ocrx_word' id='word_1_200' title='bbox 852 2703 978 2770; x_wconf 91' lang='lat' dir='ltr'>diuisim</span> <span class='ocrx_word' id='word_1_201' title='bbox 1005 2702 1279 2791; x_wconf 78' lang='lat' dir='ltr'>contingentibus,</span> <span class='ocrx_word' id='word_1_202' title='bbox 1306 2702 1346 2770; x_wconf 89' lang='lat' dir='ltr'>de</span> <span class='ocrx_word' id='word_1_203' title='bbox 1372 2710 1450 2793; x_wconf 84' lang='lat' dir='ltr'>qni-</span> 
     </span>
     <span class='ocr_line' id='line_1_24' title="bbox 131 2796 1451 2887; baseline 0.001 -21"><span class='ocrx_word' id='word_1_204' title='bbox 131 2799 190 2867; x_wconf 89' lang='lat' dir='ltr'>bus</span> <span class='ocrx_word' id='word_1_205' title='bbox 218 2810 249 2866; x_wconf 92' lang='lat' dir='ltr'>et</span> <span class='ocrx_word' id='word_1_206' title='bbox 273 2810 309 2867; x_wconf 86' lang='lat' dir='ltr'>vt</span> <span class='ocrx_word' id='word_1_207' title='bbox 341 2803 523 2866; x_wconf 90' lang='lat' dir='ltr'>continetur</span> <span class='ocrx_word' id='word_1_208' title='bbox 564 2803 594 2864; x_wconf 90' lang='lat' dir='ltr'>in</span> <span class='ocrx_word' id='word_1_209' title='bbox 628 2797 837 2887; x_wconf 88' lang='lat' dir='ltr'>processibus</span> <span class='ocrx_word' id='word_1_210' title='bbox 863 2810 926 2865; x_wconf 90' lang='lat' dir='ltr'>tam</span> <span class='ocrx_word' id='word_1_211' title='bbox 964 2798 1144 2887; x_wconf 88' lang='lat' dir='ltr'>apostolica</span> <span class='ocrx_word' id='word_1_212' title='bbox 1183 2796 1221 2863; x_wconf 91' lang='lat' dir='ltr'>ad</span> <span class='ocrx_word' id='word_1_213' title='bbox 1254 2800 1451 2868; x_wconf 77' lang='lat' dir='ltr'>instanciam</span> 
     </span>
     <span class='ocr_line' id='line_1_25' title="bbox 131 2891 1450 2984; baseline 0.003 -25"><span class='ocrx_word' id='word_1_214' title='bbox 131 2894 250 2961; x_wconf 92' lang='lat' dir='ltr'>domini</span> <span class='ocrx_word' id='word_1_215' title='bbox 277 2893 447 2961; x_wconf 84' lang='lat' dir='ltr'>Alberti</span> <span class='ocrx_word' id='word_1_216' title='bbox 473 2894 513 2959; x_wconf 91' lang='lat' dir='ltr'>de</span> <span class='ocrx_word' id='word_1_217' title='bbox 540 2891 804 2981; x_wconf 89' lang='lat' dir='ltr'>llohenberg</span> <span class='ocrx_word' id='word_1_218' title='bbox 843 2903 919 2960; x_wconf 89' lang='grc' dir='ltr'>ωηο</span> <span class='ocrx_word' id='word_1_219' title='bbox 943 2892 1064 2982; x_wconf 90' lang='lat' dir='ltr'>pridem</span> <span class='ocrx_word' id='word_1_220' title='bbox 1093 2892 1226 2981; x_wconf 90' lang='lat' dir='ltr'>abipsa</span> <span class='ocrx_word' id='word_1_221' title='bbox 1252 2891 1333 2959; x_wconf 90' lang='lat' dir='ltr'>sede</span> <span class='ocrx_word' id='word_1_222' title='bbox 1360 2917 1450 2984; x_wconf 91' lang='lat' dir='ltr'>apo-</span> 
     </span>
     <span class='ocr_line' id='line_1_26' title="bbox 132 2986 1451 3079; baseline -0.002 -22"><span class='ocrx_word' id='word_1_223' title='bbox 132 2991 248 3057; x_wconf 89' lang='lat' dir='ltr'>stolica</span> <span class='ocrx_word' id='word_1_224' title='bbox 274 2992 304 3056; x_wconf 91' lang='lat' dir='ltr'>in</span> <span class='ocrx_word' id='word_1_225' title='bbox 334 2992 520 3079; x_wconf 88' lang='lat' dir='ltr'>episcopum</span> <span class='ocrx_word' id='word_1_226' title='bbox 553 2986 909 3077; x_wconf 86' lang='lat' dir='ltr'>herbipolensem</span> <span class='ocrx_word' id='word_1_227' title='bbox 943 2988 1090 3077; x_wconf 62' lang='lat' dir='ltr'>proiecti</span> <span class='ocrx_word' id='word_1_228' title='bbox 1130 2986 1245 3054; x_wconf 89' lang='lat' dir='ltr'>deinde</span> <span class='ocrx_word' id='word_1_229' title='bbox 1283 3006 1369 3055; x_wconf 91' lang='lat' dir='ltr'>vcro</span> <span class='ocrx_word' id='word_1_230' title='bbox 1411 2991 1451 3057; x_wconf 94' lang='lat' dir='ltr'>ad</span> 
     </span>
     <span class='ocr_line' id='line_1_27' title="bbox 132 3080 1449 3171; baseline 0.002 -21"><span class='ocrx_word' id='word_1_231' title='bbox 132 3086 306 3152; x_wconf 89' lang='lat' dir='ltr'>ecclesiam</span> <span class='ocrx_word' id='word_1_232' title='bbox 333 3084 655 3171; x_wconf 83' lang='lat' dir='ltr'>frisingensem</span> <span class='ocrx_word' id='word_1_233' title='bbox 683 3083 848 3165; x_wconf 74' lang='lat' dir='ltr'>translati,</span> <span class='ocrx_word' id='word_1_234' title='bbox 881 3105 973 3169; x_wconf 86' lang='lat' dir='ltr'>quam</span> <span class='ocrx_word' id='word_1_235' title='bbox 1007 3083 1168 3149; x_wconf 88' lang='lat' dir='ltr'>ordinaria</span> <span class='ocrx_word' id='word_1_236' title='bbox 1207 3080 1352 3148; x_wconf 89' lang='lat' dir='ltr'>eiusdem</span> <span class='ocrx_word' id='word_1_237' title='bbox 1381 3084 1449 3153; x_wconf 91' lang='lat' dir='ltr'>do-</span> 
     </span>
     <span class='ocr_line' id='line_1_28' title="bbox 131 3175 1450 3266; baseline 0.001 -21"><span class='ocrx_word' id='word_1_238' title='bbox 131 3183 205 3246; x_wconf 91' lang='lat' dir='ltr'>mini</span> <span class='ocrx_word' id='word_1_239' title='bbox 232 3178 408 3246; x_wconf 87' lang='lat' dir='ltr'>Alberti</span> <span class='ocrx_word' id='word_1_240' title='bbox 440 3189 476 3246; x_wconf 92' lang='lat' dir='ltr'>vt</span> <span class='ocrx_word' id='word_1_241' title='bbox 501 3187 576 3244; x_wconf 99' lang='grc' dir='ltr'>ωηο</span> <span class='ocrx_word' id='word_1_242' title='bbox 601 3175 926 3266; x_wconf 87' lang='lat' dir='ltr'>herbipolensis</span> <span class='ocrx_word' id='word_1_243' title='bbox 965 3177 1060 3243; x_wconf 90' lang='lat' dir='ltr'>electi</span> <span class='ocrx_word' id='word_1_244' title='bbox 1088 3180 1279 3243; x_wconf 89' lang='lat' dir='ltr'>auctoritate</span> <span class='ocrx_word' id='word_1_245' title='bbox 1315 3178 1353 3261; x_wconf 90' lang='lat' dir='ltr'>jn</span> <span class='ocrx_word' id='word_1_246' title='bbox 1381 3201 1450 3246; x_wconf 92' lang='lat' dir='ltr'>ne-</span> 
     </span>
     <span class='ocr_line' id='line_1_29' title="bbox 131 3268 1450 3363; baseline 0.001 -22"><span class='ocrx_word' id='word_1_247' title='bbox 131 3278 229 3362; x_wconf 89' lang='lat' dir='ltr'>gocio</span> <span class='ocrx_word' id='word_1_248' title='bbox 257 3273 435 3363; x_wconf 87' lang='lat' dir='ltr'>episcopali</span> <span class='ocrx_word' id='word_1_249' title='bbox 468 3276 568 3361; x_wconf 90' lang='lat' dir='ltr'>ipsius</span> <span class='ocrx_word' id='word_1_250' title='bbox 603 3272 745 3338; x_wconf 85' lang='lat' dir='ltr'>ecclesie</span> <span class='ocrx_word' id='word_1_251' title='bbox 770 3271 1110 3361; x_wconf 88' lang='lat' dir='ltr'>herbipolensis</span> <span class='ocrx_word' id='word_1_252' title='bbox 1143 3292 1202 3359; x_wconf 94' lang='lat' dir='ltr'>pro</span> <span class='ocrx_word' id='word_1_253' title='bbox 1236 3268 1352 3336; x_wconf 92' lang='lat' dir='ltr'>eodem</span> <span class='ocrx_word' id='word_1_254' title='bbox 1380 3273 1450 3342; x_wconf 93' lang='lat' dir='ltr'>do-</span> 
     </span>
     <span class='ocr_line' id='line_1_30' title="bbox 131 3365 1449 3454; baseline 0.002 -19"><span class='ocrx_word' id='word_1_255' title='bbox 131 3374 217 3435; x_wconf 90' lang='lat' dir='ltr'>mino</span> <span class='ocrx_word' id='word_1_256' title='bbox 243 3367 433 3435; x_wconf 79' lang='lat' dir='ltr'>Alberto</span> <span class='ocrx_word' id='word_1_257' title='bbox 460 3367 499 3433; x_wconf 90' lang='lat' dir='ltr'>de</span> <span class='ocrx_word' id='word_1_258' title='bbox 524 3366 785 3454; x_wconf 87' lang='lat' dir='ltr'>Hohenberg</span> <span class='ocrx_word' id='word_1_259' title='bbox 817 3378 851 3434; x_wconf 86' lang='lat' dir='ltr'>vt</span> <span class='ocrx_word' id='word_1_260' title='bbox 885 3377 959 3434; x_wconf 91' lang='grc' dir='ltr'>ωηο</span> <span class='ocrx_word' id='word_1_261' title='bbox 992 3365 1295 3454; x_wconf 90' lang='lat' dir='ltr'>herbipolensi</span> <span class='ocrx_word' id='word_1_262' title='bbox 1333 3365 1449 3437; x_wconf 86' lang='lat' dir='ltr'>electo</span> 
     </span>
     <span class='ocr_line' id='line_1_31' title="bbox 131 3457 1449 3543; baseline 0.001 -14"><span class='ocrx_word' id='word_1_263' title='bbox 131 3474 244 3531; x_wconf 86' lang='lat' dir='ltr'>contra</span> <span class='ocrx_word' id='word_1_264' title='bbox 270 3462 484 3529; x_wconf 89' lang='lat' dir='ltr'>reuerendum</span> <span class='ocrx_word' id='word_1_265' title='bbox 511 3461 671 3528; x_wconf 91' lang='lat' dir='ltr'>dominnm</span> <span class='ocrx_word' id='word_1_266' title='bbox 698 3461 919 3527; x_wconf 86' lang='lat' dir='ltr'>Albertum</span> <span class='ocrx_word' id='word_1_267' title='bbox 946 3457 1269 3543; x_wconf 75' lang='lat' dir='ltr'>deHohenlooh</span> <span class='ocrx_word' id='word_1_268' title='bbox 1295 3472 1449 3530; x_wconf 91' lang='lat' dir='ltr'>nostrum</span> 
     </span>
     <span class='ocr_line' id='line_1_32' title="bbox 131 3552 1452 3645; baseline 0.002 -21"><span class='ocrx_word' id='word_1_269' title='bbox 131 3558 291 3626; x_wconf 88' lang='lat' dir='ltr'>dominum</span> <span class='ocrx_word' id='word_1_270' title='bbox 318 3561 515 3645; x_wconf 71' lang='lat' dir='ltr'>graciosum,</span> <span class='ocrx_word' id='word_1_271' title='bbox 542 3568 616 3623; x_wconf 93' lang='grc' dir='ltr'>ωηο</span> <span class='ocrx_word' id='word_1_272' title='bbox 649 3555 775 3644; x_wconf 90' lang='lat' dir='ltr'>quidem</span> <span class='ocrx_word' id='word_1_273' title='bbox 800 3556 939 3623; x_wconf 90' lang='lat' dir='ltr'>nondum</span> <span class='ocrx_word' id='word_1_274' title='bbox 966 3554 1024 3622; x_wconf 87' lang='lat' dir='ltr'>sed</span> <span class='ocrx_word' id='word_1_275' title='bbox 1057 3555 1152 3622; x_wconf 89' lang='lat' dir='ltr'>modo</span> <span class='ocrx_word' id='word_1_276' title='bbox 1180 3552 1302 3643; x_wconf 88' lang='lat' dir='ltr'>pridem</span> <span class='ocrx_word' id='word_1_277' title='bbox 1337 3555 1452 3626; x_wconf 91' lang='lat' dir='ltr'>diuina</span> 
     </span>
     <span class='ocr_line' id='line_1_33' title="bbox 131 3648 1449 3742; baseline 0 -22"><span class='ocrx_word' id='word_1_278' title='bbox 131 3665 163 3720; x_wconf 93' lang='lat' dir='ltr'>et</span> <span class='ocrx_word' id='word_1_279' title='bbox 188 3656 288 3742; x_wconf 87' lang='lat' dir='ltr'>ipsius</span> <span class='ocrx_word' id='word_1_280' title='bbox 315 3653 401 3721; x_wconf 89' lang='lat' dir='ltr'>sedis</span> <span class='ocrx_word' id='word_1_281' title='bbox 428 3652 610 3740; x_wconf 90' lang='lat' dir='ltr'>apostolice</span> <span class='ocrx_word' id='word_1_282' title='bbox 636 3649 843 3739; x_wconf 85' lang='lat' dir='ltr'>prouidenoia</span> <span class='ocrx_word' id='word_1_283' title='bbox 870 3654 900 3717; x_wconf 92' lang='lat' dir='ltr'>in</span> <span class='ocrx_word' id='word_1_284' title='bbox 927 3653 1114 3739; x_wconf 89' lang='lat' dir='ltr'>episcopum</span> <span class='ocrx_word' id='word_1_285' title='bbox 1154 3648 1449 3736; x_wconf 91' lang='lat' dir='ltr'>herbipolen-</span> 
     </span>
     <span class='ocr_line' id='line_1_34' title="bbox 130 3742 1454 3836; baseline -0.003 -21"><span class='ocrx_word' id='word_1_286' title='bbox 130 3769 216 3815; x_wconf 89' lang='lat' dir='ltr'>sem</span> <span class='ocrx_word' id='word_1_287' title='bbox 244 3747 420 3836; x_wconf 86' lang='lat' dir='ltr'>prefectum</span> <span class='ocrx_word' id='word_1_288' title='bbox 448 3767 590 3834; x_wconf 89' lang='lat' dir='ltr'>suosque</span> <span class='ocrx_word' id='word_1_289' title='bbox 615 3745 760 3811; x_wconf 86' lang='lat' dir='ltr'>lautores</span> <span class='ocrx_word' id='word_1_290' title='bbox 787 3745 859 3812; x_wconf 90' lang='lat' dir='ltr'>latis</span> <span class='ocrx_word' id='word_1_291' title='bbox 887 3755 919 3812; x_wconf 90' lang='lat' dir='ltr'>et</span> <span class='ocrx_word' id='word_1_292' title='bbox 944 3745 1158 3833; x_wconf 87' lang='lat' dir='ltr'>promulgatis</span> <span class='ocrx_word' id='word_1_293' title='bbox 1194 3742 1391 3832; x_wconf 77' lang='lat' dir='ltr'>iamdudum,</span> <span class='ocrx_word' id='word_1_294' title='bbox 1419 3761 1454 3816; x_wconf 84' lang='lat' dir='ltr'>et</span> 
     </span>
     <span class='ocr_line' id='line_1_35' title="bbox 131 3836 1454 3931; baseline 0.002 -24"><span class='ocrx_word' id='word_1_295' title='bbox 131 3842 169 3907; x_wconf 88' lang='lat' dir='ltr'>ad</span> <span class='ocrx_word' id='word_1_296' title='bbox 195 3841 400 3931; x_wconf 87' lang='lat' dir='ltr'>prestandum</span> <span class='ocrx_word' id='word_1_297' title='bbox 427 3845 514 3930; x_wconf 89' lang='lat' dir='ltr'>prius</span> <span class='ocrx_word' id='word_1_298' title='bbox 541 3840 680 3929; x_wconf 92' lang='lat' dir='ltr'>desuper</span> <span class='ocrx_word' id='word_1_299' title='bbox 696 3844 725 3905; x_wconf 91' lang='lat' dir='ltr'>in</span> <span class='ocrx_word' id='word_1_300' title='bbox 743 3842 864 3907; x_wconf 89' lang='lat' dir='ltr'>animas</span> <span class='ocrx_word' id='word_1_301' title='bbox 891 3850 1021 3908; x_wconf 85' lang='lat' dir='ltr'>nostros</span> <span class='ocrx_word' id='word_1_302' title='bbox 1043 3842 1258 3926; x_wconf 89' lang='lat' dir='ltr'>juramentum</span> <span class='ocrx_word' id='word_1_303' title='bbox 1275 3836 1315 3903; x_wconf 93' lang='lat' dir='ltr'>ad</span> <span class='ocrx_word' id='word_1_304' title='bbox 1333 3854 1454 3910; x_wconf 88' lang='lat' dir='ltr'>sancta</span> 
     </span>
     <span class='ocr_line' id='line_1_36' title="bbox 131 3933 1454 4027; baseline 0.005 -25"><span class='ocrx_word' id='word_1_305' title='bbox 131 3936 182 4003; x_wconf 89' lang='lat' dir='ltr'>dei</span> <span class='ocrx_word' id='word_1_306' title='bbox 208 3937 391 4024; x_wconf 89' lang='lat' dir='ltr'>ewangelia</span> <span class='ocrx_word' id='word_1_307' title='bbox 418 3937 632 4027; x_wconf 86' lang='lat' dir='ltr'>corporaliter</span> <span class='ocrx_word' id='word_1_308' title='bbox 659 3936 820 4021; x_wconf 89' lang='lat' dir='ltr'>tangenda</span> <span class='ocrx_word' id='word_1_309' title='bbox 837 3935 876 4002; x_wconf 91' lang='lat' dir='ltr'>de</span> <span class='ocrx_word' id='word_1_310' title='bbox 894 3934 1008 4003; x_wconf 90' lang='lat' dir='ltr'>stando</span> <span class='ocrx_word' id='word_1_311' title='bbox 1022 3933 1178 4003; x_wconf 89' lang='lat' dir='ltr'>mandatis</span> <span class='ocrx_word' id='word_1_312' title='bbox 1205 3943 1318 4002; x_wconf 89' lang='lat' dir='ltr'>sancte</span> <span class='ocrx_word' id='word_1_313' title='bbox 1333 3942 1454 4010; x_wconf 87' lang='lat' dir='ltr'>matris</span> 
     </span>
    </p>
   </div>
   <div class='ocr_carea' id='block_1_3' title="bbox 0 0 1584 4732">
    <p class='ocr_par' dir='ltr' id='par_1_4' title="bbox 0 0 1584 4732">
     <span class='ocr_line' id='line_1_37' title="bbox 0 0 1584 4732; baseline 0 0"><span class='ocrx_word' id='word_1_314' title='bbox 0 0 1584 4732; x_wconf 95' lang='lat' dir='ltr'> </span> 
     </span>
    </p>
   </div>
  </div>
 </body>
</html>
