3150 5166
728 902 938 975 llonumeoia

388 1095 475 1165 sigilla
496 1111 603 1165 quorum
626 1096 720 1153 mentio
742 1095 807 1152 nera
827 1102 869 1152 esi
889 1094 976 1151 insciis
1002 1094 1201 1151 nembrrnsoeir
1222 1110 1256 1150 ax
1274 1095 1326 1151 lrec
1345 1094 1499 1152 documento

384 1208 424 1216 —
445 1178 513 1246 quod
540 1179 691 1234 llirclrcr
722 1187 749 1235 si
780 1178 819 1233 ‹le
839 1176 1023 1235 Siilllrierl
1054 1177 1081 1233 in
1111 1193 1222 1236 mooun.
1244 1178 1363 1235 sonna.
1395 1178 1446 1235 vob
1468 1176 1500 1233 ru

386 1261 434 1314 sub
455 1277 522 1317 ιιιιι.
546 1261 620 1316 cxix
640 1278 698 1332 pop.
724 1256 782 1318 116
804 1260 941 1317 ediderunt
962 1275 1136 1331 —surpenrr
1157 1260 1216 1331 plus
1235 1259 1319 1317 minus
1337 1260 1407 1315 laese
1427 1266 1497 1315 sunl.
1564 1298 1568 1303 -

805 1536 878 1611 xli.

671 1728 762 1807 1344,
793 1727 841 1789 die
860 1728 890 1796 ἃ
911 1734 1013 1791 manli.

276 1904 426 1975 Ecclesia
461 1903 802 1995 onolspacensis
844 1904 888 1975 ob
922 1904 1092 1975 fervorem
1125 1924 1265 1995 magnac
1295 1905 1424 1996 pietalis
1460 1926 1501 1974 ac

185 2003 310 2090 graliae
335 1997 523 2067 multimode
548 2001 610 2089 ipsi
624 2001 792 2091 impensae
816 2008 851 2070 ei
873 2001 905 2069 in
928 1999 1069 2070 lulumm
1090 2009 1126 2070 ui
1141 2007 1253 2090 eperat
1263 1998 1499 2090 impendendae

183 2116 245 2185 per
269 2095 430 2162 dominum
457 2091 649 2162 Orionem
677 2096 865 2187 episcopum
880 2094 1047 2165 ecclesiae
1070 2093 1422 2184 herbipolensis,
1446 2098 1500 2187 qui

184 2212 242 2258 sua
268 2188 366 2259 solila
389 2191 509 2279 pieiaie
532 2191 740 2258 intercelere
765 2209 824 2260 sua
838 2188 997 2260 beneficia
1011 2188 1309 2281 delectuiipeomm
1333 2188 1500 2260 ecclesiae

185 2294 219 2353 ei
255 2303 467 2375 personarum
492 2281 696 2352 laudabiliter
728 2283 872 2377 providit
906 2284 1156 2375 specialiterin
1191 2283 1432 2375 Incorporanslo
1466 2294 1500 2355 ei

185 2378 389 2448 annectendo
416 2377 571 2447 decimam
597 2381 665 2447 vini
691 2380 784 2449 sitam
816 2380 850 2449 in
873 2388 985 2450 monle
1009 2378 1095 2448 dicio
1127 2399 1174 2448 an
1199 2377 1285 2449 dem
1317 2376 1499 2449 Nemen-

182 2473 320 2562 borge
344 2476 376 2540 in
403 2471 735 2558 Sumerahuseu,
765 2476 797 2543 in
829 2493 893 2563 quo
926 2473 1072 2545 uelocius
1105 2493 1318 2565 personarum
1353 2476 1386 2543 in
1420 2483 1499 2565 potu

182 2588 248 2637 non
283 2566 428 2636 modicus
467 2565 652 2652 relevatur,
686 2565 770 2637 unde
804 2588 870 2637 non
908 2571 1068 2637 immerito
1093 2569 1141 2637 illi
1177 2566 1377 2638 orationibus
1415 2568 1498 2661 apud

184 2664 373 2731 altissimum
390 2660 599 2753 perhenniter
611 2661 785 2752 obligetur,
811 2684 849 2733 se
869 2673 957 2733 motu
974 2665 1106 2755 propri0
1132 2666 1281 2752 astringit
1306 2672 1339 2731 el
1363 2662 1498 2754 obligat,

183 2757 268 2847 quod
293 2757 431 2845 singulis
457 2758 550 2824 annis
574 2759 607 2823 in
632 2761 774 2826 crastino
801 2761 976 2826 animarum
997 2757 1101 2826 eidem
1128 2757 1258 2828 domino
1284 2759 1439 2849 episcopo
1464 2763 1497 2829 in

183 2862 266 2921 siaiu
292 2853 442 2921 vivorum
468 2872 527 2943 pro
553 2853 624 2939 ejus
651 2851 756 2920 salure
782 2864 814 2922 ei
840 2863 914 2943 posi
939 2856 1008 2941 ejus
1026 2852 1197 2922 decessum
1223 2874 1295 2921 cum
1321 2853 1496 2941 majoribus

182 2947 305 3037 vigiliis
348 2956 380 3015 ei
419 2949 519 3015 missa
570 2945 792 3015 deiunclorum
844 2951 945 3039 ipsius
997 2949 1255 3017 anniversarium
1306 2948 1497 3018 solemniter

182 3040 381 3124 celebretur,
406 3041 488 3108 duae
513 3062 595 3109 vero
619 3040 722 3111 librae
748 3041 939 3110 ballensium
967 3095 974 3110 .
1003 3094 1010 3109 .
1037 3044 1202 3111 canonicis
1228 3052 1261 3109 ei
1286 3093 1293 3109 .
1322 3094 1329 3109 .
1365 3047 1496 3112 vicariis

182 3135 327 3225 ejusdem
354 3136 519 3204 ecclesiae
544 3132 770 3225 praesentibus
797 3136 962 3227 praedIcto
990 3137 1040 3205 die
1065 3137 1243 3228 aequuliicr
1266 3135 1457 3206 dividantur.

274 3232 389 3299 Datum
416 3253 500 3299 anno
525 3231 644 3299 domini
662 3231 836 3302 millesImo
862 3230 973 3301 ccc-⁹
997 3232 1246 3322 quadragesimo
1264 3242 1389 3322 quanio,
1413 3234 1496 3302 lenia

182 3325 324 3394 secunda
350 3335 424 3417 posi
450 3326 639 3394 dominicam
667 3325 770 3394 Oculi.

381 3464 469 3533 Sigille
491 3464 579 3518 decani
601 3474 626 3520 et
647 3463 747 3534 capituli
769 3466 891 3520 eeclesiae
913 3465 1106 3521 onolsbecensis
1129 3466 1215 3522 lesciis
1237 3469 1436 3522 nembreneceis
1458 3485 1490 3521 ex

381 3548 431 3601 boc
452 3547 605 3602 documenlo
627 3564 750 3617 suspense
773 3548 828 3602 lere
849 3548 954 3603 omnino
976 3549 1134 3606 deciderunt.

790 3848 874 3921 XIII.

658 4039 748 4116 1344,
776 4039 822 4100 die
844 4040 893 4104 13.
915 4045 1013 4100 martii.

277 4211 371 4280 Oiio
398 4215 570 4305 episcopus
596 4211 636 4282 da
654 4235 793 4287 assensu
818 4225 851 4285 el
866 4215 1105 4286 collaudatione
1129 4214 1365 4287 honorabilium
1392 4221 1490 4288 viro-

181 4326 250 4373 rum
278 4358 310 4374 ..
336 4311 544 4398 praepositi.
572 4358 580 4373 .
606 4307 720 4377 decani
745 4321 778 4379 ei
801 4363 808 4377 .
835 4363 843 4379 .
869 4311 999 4402 capituli
1026 4311 1188 4381 ecclesiae
1212 4311 1489 4404 herbipolen-
