3158 4732
136 459 177 530 id
688 457 894 527 blonumenta

135 647 317 716 donacioue
342 648 425 714 iuter
460 647 556 714 vinos
591 644 797 713 irreuocabili
823 653 856 713 et
880 644 1024 735 perlecta
1050 645 1195 733 legitime
1229 643 1433 714 donauerunt

133 739 329 809 tradiderunt
353 762 392 807 au
417 741 746 828 eciamassignarnnt.
782 737 920 808 Prodicti
945 760 1093 829 quoque.
1120 741 1294 826 magistri
1318 738 1440 808 lubrice

133 857 170 902 ao
194 836 391 903 uniuersitas
417 883 425 902 .
450 885 457 901 .
479 833 661 922 jucelarum
688 833 771 901 dicte
797 832 933 902 villain
958 831 1263 903 ‘larstatdebite
1289 854 1438 923 spopon-

133 928 259 1012 derunt,
285 927 368 1020 quod
395 927 499 997 eidem
526 927 669 997 ecclesie
694 930 726 996 in
745 927 918 996 Tarstat
943 948 1066 1017 suoque
1092 979 1122 994 ..
1148 926 1289 1017 plebano
1314 949 1438 997 annuos

132 1022 274 1091 redditus
311 1032 487 1114 perpetuos
535 1024 627 1090 trium
661 1021 813 1090 librarum
844 1020 1035 1091 hallensium
1070 1019 1208 1089 debeant
1239 1043 1440 1112 conparar03

132 1137 260 1186 necnon
286 1120 387 1185 eciem
413 1115 593 1185 huiusmodi
619 1167 650 1183 ..
677 1115 816 1207 plebano
841 1137 899 1204 pro
926 1125 1072 1207 ternpore
1098 1117 1250 1184 existenti
1277 1115 1318 1184 de
1342 1116 1437 1184 domo

133 1231 191 1280 seu
225 1211 371 1302 hospicio
407 1209 570 1280 habitabili
606 1209 661 1279 vel
697 1210 811 1278 saliem
847 1208 886 1277 de
917 1208 1119 1278 habitacione
1146 1207 1329 1278 Conradi
1366 1209 1439 1278 dicti

133 1303 386 1397 Gyselheim
413 1314 465 1372 aut
490 1304 696 1373 lobannis
728 1303 802 1371 dieti
827 1303 1034 1394 Amelung
1057 1302 1176 1372 ibidem
1209 1307 1243 1371 in
1267 1305 1441 1373 Τενεῖει

132 1403 351 1489 promiserunt
376 1401 477 1467 eciam
503 1397 685 1488 prouidere.

229 1495 361 1561 Domum
389 1491 523 1582 quilibet
549 1545 557 1560 .
584 1544 591 1559 .
619 1491 774 1582 plebanus
800 1489 914 1558 ibidem
946 1493 979 1559 in
1005 1491 1181 1558 'larstat
1204 1510 1263 1581 pro
1289 1500 1438 1581 ternpore

134 1591 280 1656 existens
307 1586 347 1654 de
372 1584 546 1655 redditibus
568 1584 692 1674 juribus
727 1595 759 1655 et
782 1583 970 1653 utilitatibus
996 1584 1067 1653 aliis
1092 1582 1131 1652 ad
1157 1583 1332 1652 ecclesiam
1358 1608 1438 1675 par-

133 1680 308 1748 rochialem
336 1682 367 1748 in
393 1684 545 1749 minori
572 1680 805 1749 Obsenlurt
836 1677 1012 1769 predictam
1037 1677 1287 1767 pertinentibus,
1321 1688 1354 1746 et
1379 1702 1441 1769 que

132 1774 243 1844 eadem
270 1774 412 1843 ecclesia
437 1774 650 1865 parrochialis
676 1778 810 1863 eiusque
836 1783 994 1842 ..rector
1019 1794 1077 1840 seu
1092 1824 1099 1839 .
1116 1823 1124 1839 .
1139 1771 1295 1863 plebanus
1322 1772 1438 1842 ibidem

133 1871 164 1937 in
182 1868 355 1937 Tarstat
379 1867 539 1954 habetne
556 1869 738 1938 nullatenus
754 1872 980 1952 intromittere,
1004 1887 1067 1935 nec
1081 1869 1183 1956 ipsam
1202 1867 1438 1958 parrochialem

135 1961 308 2031 eeclesiam
335 1982 373 2028 ac
398 1965 468 2031 eius
496 2014 503 2030 .
531 2014 538 2030 .
564 1973 723 2031 rectorem
750 1984 809 2030 seu
836 1960 1061 2052 ..plebanum
1089 1964 1120 2029 in
1147 1962 1268 2030 eisdem
1295 1984 1438 2051 querno-

134 2054 256 2124 dolibet
291 2054 446 2145 impedire
471 2055 618 2142 debebit,
652 2056 750 2124 saluis
787 2065 893 2124 tamen
927 2078 986 2146 pro
1022 2054 1165 2123 ecelesia
1199 2059 1231 2123 in
1266 2056 1441 2125 Τενειει

135 2149 276 2241 predicta
301 2152 435 2241 eiusque
460 2201 468 2220 .
497 2204 504 2220 .
530 2149 669 2243 plebano
696 2149 918 2219 oblacionibus
952 2146 1128 2218 redditibus
1163 2157 1195 2216 et
1229 2149 1439 2239 prouentibns

134 2244 371 2334 suprascriptis.

228 2336 268 2407 dn
279 2338 652 2407 cuinsreitestlmoninm
664 2338 960 2428 sigillumnostrum
973 2336 1180 2428 presentibus
1192 2346 1243 2405 est
1255 2359 1440 2429 appensum.

228 2432 342 2500 Datum
369 2430 618 2524 Herbipoll‚
644 2454 728 2502 anno
747 2430 1291 2502 dominimillesimoCCC⁰XLimo
1316 2444 1442 2524 quarto,

133 2523 179 2594 vl
202 2521 357 2594 kalendas
382 2524 548 2615 iebruarlj‚
573 2526 776 2620 pontificatus
803 2547 885 2598 vero
911 2529 1015 2596 nostri
1040 2548 1124 2596 anno
1150 2527 1287 2598 decimo.

335 2687 448 2758 Sigillum
481 2693 552 2759 cujus
580 2695 672 2749 mentio
703 2694 766 2749 lacte
798 2701 838 2749 ενι
880 2693 956 2748 tracia
989 2694 1177 2748 membranacea
1213 2708 1245 2746 ex
1280 2695 1320 2747 his
1351 2695 1441 2749 titteris

332 2785 483 2841 suspensum
505 2780 552 2829 en.

772 2984 802 3047 2.

229 3101 424 3172 innomine
450 3101 567 3172 domini
592 3125 695 3175 amen.

232 3193 328 3266 Otto
355 3196 406 3266 dei
432 3201 543 3286 gracia
568 3202 739 3292 episcopus
764 3199 1089 3294 herbipolensis
1114 3202 1154 3271 ed
1178 3205 1227 3272 rei
1253 3203 1439 3271 memoriam

135 3291 373 3380 sempiternam.

229 3383 400 3468 Quoniam,
425 3397 459 3454 vt
483 3407 579 3457 secer
604 3398 869 3477 connumeratur,
894 3391 1048 3461 benerei
1069 3391 1147 3460 dare
1172 3390 1354 3462 consultum
1380 3412 1440 3461 sen

136 3481 346 3566 patrocinium
372 3488 405 3549 et
428 3485 588 3572 presentis
614 3481 735 3551 habere
759 3486 825 3551 vite
850 3484 1023 3556 subsidium
1051 3496 1083 3554 et
1109 3495 1222 3555 eterne
1246 3507 1439 3554 remunera-

137 3573 240 3640 cionis
265 3577 418 3662 premium
445 3579 586 3644 cernitur
610 3586 798 3669 expectare,
819 3579 906 3664 jnter
921 3578 1190 3669 cunctasquidem
1215 3583 1316 3654 eciam
1340 3580 1440 3649 solli-

136 3665 295 3735 citudines
328 3673 449 3739 nostris
482 3669 623 3739 humeris
655 3694 697 3740 ex
731 3672 907 3763 pastoralis
940 3674 1037 3745 officii
1072 3673 1179 3744 debito
1218 3673 1440 3744 incumbentes

136 3760 268 3829 cottidie
293 3761 355 3830 hoe
387 3769 554 3854 potissime
588 3765 706 3835 insidet
736 3766 826 3837 cordi
857 3777 990 3852 nostro,
1022 3778 1058 3836 vt
1088 3773 1210 3840 nostris
1241 3766 1438 3856 temporibus

137 3855 241 3926 cultus
267 3855 365 3926 diuini
390 3863 526 3928 numinis
551 3862 584 3930 in
609 3861 707 3929 cleris
734 3872 766 3930 et
784 3863 910 3953 populis
936 3862 1029 3932 uobis
1054 3862 1187 3931 subditis
1213 3865 1381 3950 presertim
1407 3866 1438 3931 in
