3158 4732
133 505 204 574 ΒΩ
684 507 897 577 lna

127 698 167 780 'p
190 698 334 783 mogodo
356 694 506 761 ecclesie
527 694 864 783 herbipolensis
897 694 1112 781 mods
1135 692 1177 758 de
1201 690 1317 758 sindo
1343 712 1441 758 nan-

131 789 217 854 ffis
239 800 355 855 wie
378 790 950 877 misndoesiempeffisl
969 786 1440 873 sncladeiemgeliaoor-

132 884 291 973 pristes·
313 894 401 950 brba
423 890 513 972 prims
535 905 648 950 rum
670 884 767 951 urbis
790 885 1018 973 sabe-pidet
1035 887 1172 972 preslilo
1181 885 1378 968 immolo,
1401 902 1441 945 nc

128 982 240 1067 ‘ysam
265 990 511 1066 prex-ararem
524 978 708 1045 histri
719 1032 730 1045 .
743 1033 753 1044 .
764 984 1037 1047 maht-tiu
1054 981 1186 1043 nominc
1199 985 1233 1041 el
1245 996 1303 1064 pro
1317 978 1398 1062 ipsis
1421 997 1440 1040 a

136 1079 389 1160 amen
410 1079 778 1140 amanium·
791 1086 827 1142 el
846 1074 1091 1160 jucturam-
1106 1072 1244 1159 alijsqne
1263 1073 1441 1156 senlencijs

133 1179 230 1254 elque
253 1172 349 1255 pens
372 1180 437 1234 ln
458 1167 679 1256 spi-iffllixs
696 1191 792 1257 qm
812 1167 1045 1258 imperiales
1064 1166 1245 1233 huiusmodi
1268 1163 1439 1253 quidem..

132 1267 403 1329 mestitud-
427 1284 589 1347 prrsrnas
614 1316 624 1327 .
647 1315 659 1329 .
681 1263 866 1352 apuria..
880 1263 1045 1350 collegia.
1058 1314 1068 1327 .
1081 1271 1262 1328 coenemus
1278 1258 1441 1324 ecclesius

131 1356 300 1444 cappella
323 1358 388 1424 alia
410 1379 541 1445 qexrqne
563 1357 639 1423 lora
661 1380 702 1423 ar
722 1363 827 1425 era·
841 1362 1086 1425 mersium
1100 1352 1343 1444 quomodolibet
1355 1374 1441 1418 con-

130 1453 330 1539 lingum
342 1452 384 1517 ab
396 1452 712 1539 manereque
723 1453 873 1541 paula&
891 1455 1055 1520 conlenlis
1073 1451 1199 1539 quidem
1212 1452 1315 1514 eciam
1329 1457 1391 1512 lum
1408 1449 1441 1512 in

131 1546 1074 1634 processibrscnnlrathdonimhdowicu
1089 1544 1441 1610 dellarrarinsnos·

130 1660 218 1728 qne.
234 1693 244 1704 .
260 1640 407 1707 larlores
419 1643 543 1730 abipsa
558 1642 641 1707 se&
651 1642 855 1729 apposlolica
868 1641 1080 1730 promulgabis
1095 1637 1285 1705 iamdudum.
1299 1657 1393 1724 qnam
1403 1639 1440 1721 Jn

131 1730 1440 1824 processibrrsnedmpposlolimdinslududouinidlberlidelloben·

132 1826 239 1915 berg
256 1839 333 1895 lnnc
351 1830 476 1917 pride·
493 1830 534 1895 ab
548 1829 757 1897 aue-sede
771 1831 973 1918 apposlolicn
989 1835 1023 1895 in
1038 1832 1226 1915 episcopum
1245 1823 1441 1911 berbipo-

132 1921 295 1989 lenset
313 1923 684 2012 preleclideinderero
699 1924 740 1990 ad
753 1927 928 1990 ecclesiam
948 1924 1261 2008 frisingensem
1282 1919 1442 1997 lranslali,

131 2017 953 2086 sedeciamordlnsriaeinsdrmdoniniAlberli
970 2028 1006 2082 τι
1023 2027 1097 2081 lnnc
1114 2012 1442 2100 herbipolensis

131 2110 230 2178 elecli
242 2117 434 2179 anclorilale
447 2117 479 2179 in
492 2119 636 2201 negocio
649 2116 830 2204 episcopali
842 2117 945 2200 ipsias
956 2110 1101 2177 ecclesie
1112 2107 1413 2195 herbipolensi
1425 2129 1441 2172 s

133 2225 193 2292 pro
218 2205 334 2271 eodem
360 2207 492 2272 domino
515 2207 699 2274 Alberlo
723 2208 764 2274 de
788 2205 1046 2291 llollenberg
1076 2214 1112 2268 vl
1132 2213 1206 2268 lanc
1238 2200 1441 2289 herbipo-

132 2297 243 2365 lensi
257 2299 366 2366 eleclo
380 2312 492 2366 coolra
504 2300 726 2367 venerabilem
740 2301 873 2367 lralrem
889 2311 1034 2367 noslrnm
1051 2298 1212 2365 dominnm
1224 2296 1327 2364 Albe
1338 2307 1402 2361 rlu
1412 2316 1441 2361 m

133 2391 175 2457 de
199 2392 451 2460 Bobenlocb
486 2407 563 2461 lnnc
593 2397 720 2484 quidem
754 2395 894 2461 nondam
925 2395 984 2463 sed
1008 2394 1105 2460 modo
1130 2392 1251 2481 pridem
1276 2390 1384 2455 diuino
1409 2400 1443 2455 el

133 2489 234 2575 ipsius
260 2487 349 2553 sedis
364 2489 567 2575 apposlolice
584 2491 790 2577 prouidentia
816 2494 847 2557 in
873 2494 1061 2576 episcopum
1085 2483 1439 2572 herbipolensem

132 2579 309 2669 preleclum
335 2583 460 2669 sibique
489 2635 497 2646 .
524 2635 532 2647 .
557 2584 706 2650 lanenles
731 2595 764 2650 el
788 2637 796 2648 .
819 2636 826 2647 .
852 2585 1046 2649 adherenles
1071 2593 1146 2647 lunc
1171 2580 1244 2644 lulis
1269 2599 1307 2642 ac
1332 2580 1435 2643 eciam

134 2674 360 2762 promulgans,
386 2681 578 2742 anclorilale
600 2678 726 2764 quidem
752 2678 954 2765 epposlolica
979 2676 1072 2741 nobis
1098 2679 1128 2740 ia
1155 2673 1213 2739 bac
1238 2683 1327 2761 parle
1353 2695 1440 2739 con-

130 2773 241 2834 missa.
262 2774 404 2854 jainncla
431 2770 491 2837 sibi
517 2793 576 2859 pro
601 2772 696 2838 modo
722 2772 815 2859 culpe
836 2774 1015 2859 penilencia
1032 2770 1175 2836 salalari.
1195 2768 1294 2854 judei
1307 2771 1440 2833 nonaiae

132 2867 163 2928 in
190 2862 292 2929 larma
316 2865 471 2931 ecclesie.
497 2870 636 2931 seruulis
659 2870 760 2932 eciam
787 2867 951 2932 tenoribus
977 2869 1228 2931 conmissionum
1247 2867 1441 2927 auclorilale

132 2960 232 3043 ipsius
256 2958 343 3022 sedis
369 2961 570 3045 apposlolice
594 2961 688 3026 nobis
715 2982 812 3047 super
837 2965 907 3026 islis
933 2960 1098 3040 laclarum
1124 2956 1442 3023 rileabsoluimusel

133 3050 376 3117 absolucionem
393 3051 571 3118 huiusmodi
599 3054 801 3140 presenlibus
827 3054 1076 3142 promulgamus.
1103 3074 1140 3117 ac
1157 3056 1257 3118 eciam
1267 3049 1441 3133 julerdicla

132 3145 244 3232 quibus
257 3145 400 3211 ecclesie
420 3148 567 3234 cappellc
593 3149 718 3233 aliaque
743 3147 816 3212 loca
843 3149 882 3214 de
908 3152 1019 3235 quibus
1038 3147 1210 3234 predicilur
1224 3143 1340 3208 obinde
1357 3143 1438 3207 sub·

132 3241 240 3303 lacero
264 3251 450 3322 censemur,
476 3252 508 3306 el
534 3261 749 3328 quascumque
775 3246 959 3306 senlencias
978 3253 1010 3305 el
1036 3261 1135 3328 penas
1153 3239 1233 3302 alias
1254 3237 1440 3323 spiriluales

131 3342 164 3398 el
190 3335 385 3419 lemporales
414 3339 443 3399 ln
471 3339 639 3423 premissis
667 3357 724 3400 seu
752 3339 982 3423 premissorum
1008 3337 1183 3399 occasione
1210 3332 1290 3397 lalus
1312 3340 1344 3395 el
1357 3352 1440 3418 pro-

133 3426 293 3512 mulgalas
319 3434 509 3495 auclorilale
542 3429 668 3517 quidem
699 3429 898 3518 apposlulicu
933 3427 1026 3495 nobis
1059 3429 1097 3494 ad
1132 3427 1193 3492 hec
1221 3435 1253 3491 vl
1279 3424 1440 3513 prelerlur

134 3525 297 3588 conmissa
322 3520 428 3586 debile
453 3523 637 3590 relaxamus
664 3535 695 3590 el
722 3527 909 3590 remillimus
935 3545 993 3611 per
1019 3532 1200 3611 presenles.

227 3616 358 3681 Prelera
395 3637 464 3680 cum
496 3618 625 3684 clericis
660 3621 738 3706 ipsis
771 3640 868 3706 super
898 3620 1141 3703 Jrregularilale
1180 3635 1270 3701 quam
1297 3654 1341 3661 —
1374 3637 1442 3681 non

135 3718 240 3775 lamen
266 3714 297 3775 in
324 3720 538 3799 contemplum
565 3713 699 3777 clauiurn
726 3713 869 3777 ecclesie
896 3709 1160 3775 —celebrando
1186 3709 1290 3774 diuina
1307 3710 1362 3775 vel
1385 3713 1442 3775 in-

132 3804 299 3869 miscendo
326 3827 362 3871 se
389 3804 453 3870 illis
481 3817 533 3871 aul
559 3809 589 3871 in
615 3809 774 3893 susceplis
801 3805 1008 3871 ministrando
1026 3803 1188 3870 ordinibus
1208 3814 1444 3870 contraxerunt

133 3896 239 3963 debile
274 3898 542 3987 dispensandum,
574 3909 607 3966 el
639 3920 697 3966 eus
729 3898 974 3984 babililauimus,
1008 3921 1046 3966 uc
1082 3903 1129 3966 sic
1161 3896 1381 3987 dispensando
1409 3908 1442 3963 el
