3150 5166
675 846 884 922 lllouunienta

746 1353 839 1427 ccn.

586 1592 674 1663 1351,
695 1587 742 1647 die
765 1593 793 1649 5.
811 1587 990 1666 septembris.

225 1806 433 1875 Gunradus
480 1804 622 1872 decanus
660 1804 824 1872 ecclesiae
860 1802 969 1872 Novi
1013 1806 1256 1872 monosterii
1312 1802 1461 1874 herbi-

128 1901 343 1990 polensis,
369 1902 612 1968 commissarius
639 1900 677 1966 ad
703 1899 907 1988 infrascripta
933 1903 1124 1966 auctoritate
1137 1897 1227 1965 sedis
1243 1902 1461 1988 spostolicae

129 1995 310 2085 deputatus,
344 1998 534 2062 auctoritate
560 1997 800 2062 commissionis
827 2005 859 2061 et
884 1993 1096 2062 mandationis
1122 1996 1322 2061 auctoritato
1350 1996 1460 2064 dictae

131 2090 218 2157 sedis
245 2091 411 2170 luctarum,
438 2089 477 2155 de
504 2087 663 2178 quibuset
679 2099 711 2155 ut
728 2092 759 2155 in
785 2092 997 2157 instrumento
1023 2088 1151 2178 publico
1177 2109 1236 2155 scu
1264 2091 1460 2177 patentibus

131 2184 248 2251 litteris
264 2184 463 2251 venerabilis
480 2185 541 2249 viri
559 2183 678 2251 domini
693 2181 877 2250 Oliverii
899 2182 938 2250 do
954 2181 1135 2250 Corneto
1153 2181 1268 2249 decani
1282 2185 1461 2254 ecclcsiae

131 2283 234 2347 suncti
248 2278 383 2346 Ylorii
411 2280 666 2367 pictaviensi
678 2300 706 2359 s,
732 2280 921 2345 executoris
942 2277 1075 2343 adhaec
1091 2279 1284 2343 auctoritaie
1301 2280 1459 2365 ejusdem

135 2373 222 2442 sedis
250 2374 436 2460 specialiter
462 2371 615 2461 deputati,
641 2372 739 2459 sigilli
759 2375 958 2462 appensione
972 2374 1099 2439 munitis
1113 2371 1239 2460 plenius
1252 2378 1461 2459 continetur,

135 2467 345 2535 honorabiles
371 2472 488 2533 viros.
515 2518 521 2532 .
549 2465 703 2537 decanum
731 2476 762 2533 et
789 2517 795 2531 .
821 2518 827 2531 .
854 2465 1024 2555 capitulum
1053 2488 1091 2532 ac
1118 2518 1124 2532 .
1148 2518 1154 2531 .
1181 2468 1366 2533 canonicos
1393 2491 1459 2536 ec-

133 2563 255 2628 clcsiae
283 2561 608 2648 herbipolensis
647 2572 680 2627 ct
706 2583 818 2627 onines
845 2561 928 2628 alios
956 2571 1018 2626 tuni
1046 2612 1087 2626 ..
1124 2561 1265 2626 clericos
1304 2583 1457 2649 quarn..

133 2657 237 2728 laicos
265 2661 316 2744 qni
344 2660 688 2722 cxconununicalionis
714 2659 940 2744 suspensionis
968 2665 1000 2721 ct
1024 2654 1183 2721 interdicti
1209 2662 1397 2723 sententias
1427 2669 1461 2726 el

133 2772 256 2840 poenas
293 2751 484 2831 inciderunt
516 2749 555 2815 dc
589 2749 701 2838 quibus
734 2761 765 2816 cl
798 2759 830 2816 nt
862 2754 891 2816 in
919 2750 1039 2816 eisdem
1073 2750 1189 2815 litteris
1216 2748 1340 2816 clarius
1369 2775 1452 2820 con·

131 2851 260 2927 tinctor,
275 2845 312 2909 ab
328 2843 448 2910 cisdonr
466 2848 579 2932 poeuis
594 2855 625 2910 et
639 2848 808 2911 sententiis
823 2884 866 2893 -
880 2849 1020 2911 servatis
1037 2845 1260 2911 servandis-
1273 2847 1461 2915 secundum

135 2943 364 3007 continentiam
382 2943 622 3026 elexigenlionr
641 2940 813 3006 earundem
841 2940 1016 3005 litterarum
1044 2942 1104 3004 rite
1131 2937 1283 3017 absoluit,
1309 2944 1462 3026 injuncta

133 3042 180 3102 cis
209 3034 325 3100 obinde
361 3038 558 3122 poenitentia
597 3034 741 3115 salutari,
775 3057 812 3099 ac
847 3056 905 3100 eos
941 3038 989 3100 sio
1020 3032 1188 3099 absolutos
1221 3038 1461 3121 praesentibus

131 3132 264 3209 nuntiat
298 3128 503 3195 nihilominus
540 3132 636 3194 etiarn
676 3133 901 3216 suspensionis
936 3139 968 3195 et
994 3129 1152 3195 interdicti
1178 3133 1363 3199 sententias
1393 3156 1460 3201 oc-

132 3227 265 3291 casione
291 3227 321 3289 iu
349 3225 440 3291 dictis
467 3224 583 3291 litteris
610 3235 834 3291 contentorum
860 3224 941 3290 latus
967 3227 1095 3312 penitus
1122 3223 1286 3289 relaxans.

236 3360 352 3425 Datnnr
378 3356 610 3445 llcrbipoli,
642 3382 726 3425 anno
750 3359 868 3427 domini
896 3359 1068 3425 millesimo
1096 3379 1162 3424 ccc.
1180 3357 1191 3424 l
1211 3361 1329 3446 primo,
1358 3369 1460 3433 nonis

135 3452 342 3540 septenbris,
375 3453 433 3519 sub
468 3454 578 3540 sigillo
612 3455 788 3521 Cunradi
827 3455 939 3521 decani
972 3453 1045 3519 huic
1078 3456 1199 3544 scripto
1231 3475 1385 3543 appenso
1425 3465 1459 3530 in

135 3551 354 3615 testiinonium
381 3547 517 3615 evidens
542 3553 806 3638 praemissorum.

331 3782 407 3847 Cujus
430 3782 523 3833 mentio
548 3783 610 3834 iacto
633 3790 672 3834 est
693 3784 801 3850 sigillum
832 3784 907 3835 lascis
935 3783 1123 3834 membranacea
1151 3798 1183 3834 ex
1204 3782 1244 3833 his
1266 3782 1364 3839 litteris
1395 3806 1462 3843 sus·

331 3880 435 3930 pensum
458 3865 583 3930 integrum
606 3872 653 3919 est.
