3158 4732
814 504 1023 576 blonumenta

855 984 986 1058 CXCV..

746 1177 833 1253 1³51,
855 1173 972 1238 (11121.
995 1176 1080 1253 majll.

266 1353 362 1426 Curia
387 1373 522 1423 romana
546 1374 586 1421 ea
611 1373 672 1443 que
698 1349 737 1419 ab
756 1349 895 1421 Alberto
922 1351 961 1419 do
977 1348 1169 1420 Hobenloch
1195 1348 1303 1419 electo
1329 1360 1363 1420 et
1387 1351 1577 1423 conbrmat

265 1452 298 1520 ln
324 1449 470 1520 dioecesi
501 1447 722 1536 herbipolensi
759 1449 790 1514 in
828 1444 1045 1536 spiritualibus
1080 1455 1113 1513 et
1145 1444 1378 1534 temporalibus
1414 1448 1578 1541 bucusqu

551 1543 771 1612 administrata
796 1552 871 1613 sunt
895 1539 1030 1610 ratificat
1052 1549 1085 1608 11
1110 1537 1287 1608 confirmat.

362 1730 500 1802 Guido
527 1732 743 1798 miseracione
769 1729 874 1797 diuina
899 1732 1162 1818 portuensis
1188 1738 1221 1797 et
1245 1737 1360 1799 sancte
1384 1730 1446 1799 tta
1459 1732 1579 1823 phin

268 1831 461 1918 episcopus,
489 1836 602 1896 sancte
635 1845 768 1892 romane
805 1823 950 1895 ecclesie
983 1823 1175 1910 cardinalis,
1208 1826 1373 1894 uniuersis
1408 1839 1579 1917 presente

267 1923 393 1991 litteras
417 1923 612 2010 inspecturis
638 1919 775 1988 salutem
800 1922 832 1986 in
858 1918 997 1988 domino.

363 2015 416 2085 Ad
432 2018 572 2085 omnium
586 2017 737 2083 noticiam
755 2012 939 2081 deducimus
957 2011 1175 2103 1111111111,
1200 2010 1284 2103 qnod
1308 2033 1413 2104 nuper
1439 2018 1564 2084 sanclis

269 2114 352 2182 simo
378 2114 460 2201 patri
486 2120 518 2179 11
534 2110 663 2178 domino
688 2118 801 2176 nostro
818 2107 947 2175 domino
969 2106 1184 2176 Clementi
1209 2128 1348 2198 superna
1373 2110 1578 2197 prouidenoi

269 2228 351 2297 papo
377 2214 473 2274 sexto
496 2203 606 2272 dilecti
628 2206 659 2271 in
674 2201 804 2270 Christo
820 2201 993 2271 Albarti
1018 2199 1058 2268 de
1083 2201 1334 2271 Hobenloch
1359 2203 1460 2271 electi
1486 2203 1562 2272 ber

269 2300 518 2389 bipolensis
558 2300 719 2388 peticione
756 2294 917 2382 exhibita,
943 2299 1128 2366 continente
1168 2295 1253 2387 quod
1292 2295 1407 2365 dudum
1439 2298 1576 2370 ecclesi

271 2393 579 2482 herbipolensi
613 2413 671 2481 per
709 2392 826 2459 obitum
864 2390 948 2459 bone
984 2397 1142 2459 memorie
1180 2390 1354 2460 Ollonls
1391 2391 1472 2460 olim
1511 2395 1562 2483 epi

271 2491 362 2576 scopi
387 2487 531 2556 eiusdem
548 2489 687 2576 pastoris
705 2488 863 2573 regimine
879 2485 1029 2554 destituta
1055 2486 1163 2554 dilecti
1179 2489 1210 2554 in
1227 2485 1356 2554 domino
1367 2537 1393 2553 ..
1409 2488 1554 2577 capitnlu
1571 2520 1576 2548 a

272 2585 373 2672 ipsius
402 2581 545 2649 ecclesia
571 2580 746 2669 predictum
772 2580 1021 2666 bibentum,
1045 2590 1120 2648 tunc
1152 2580 1295 2649 eiusdem
1330 2580 1477 2649 ecclesie
1503 2603 1561 2672 pre

273 2680 425 2766 positum,
452 2680 483 2744 in
510 2673 877 2765 herbipolensem
906 2679 1091 2766 episcopum
1119 2675 1308 2764 elegerunt3
1329 2674 1486 2766 jdemque
1510 2677 1560 2745 At

272 2771 428 2839 bertus
460 2769 641 2837 huiusmodi
685 2770 838 2837 electioni
872 2769 911 2837 de
947 2792 984 2838 se
1017 2770 1102 2837 lacte
1135 2773 1350 2841 consenciens
1384 2773 1491 2860 ipsam
1528 2794 1567 2863 pe

271 2864 882 2954 1111111111,11111111111111111111
905 2887 933 2933 nr
945 2887 962 2931 a
973 2886 1021 2952 gu
1032 2887 1051 2932 n
1063 2868 1191 2933 tinum
1215 2865 1283 2933 loci
1299 2865 1571 2954 metripolitanum

274 2961 408 3028 obtinuit
435 2959 636 3041 oonbrmari3
662 2980 793 3048 quarum
820 2959 946 3048 quidem
972 2959 1144 3029 electionis
1160 2969 1193 3028 11
1213 2959 1475 3029 confirmacionis
1503 2984 1560 3052 pre

271 3065 362 3122 textu
388 3053 530 3142 prelatus
556 3053 770 3122 hibertus
805 3056 1119 3122 administracionem
1153 3053 1312 3124 bonorum
1345 3064 1378 3122 et
1401 3058 1521 3123 iuriam
1546 3079 1577 3124 a·

273 3170 415 3217 mensam
457 3149 676 3238 episcopalem
715 3147 1079 3238 herbipolensem
1118 3153 1337 3240 spectancium
1375 3159 1406 3216 et
1444 3151 1576 3218 aliorua

273 3243 418 3313 eiusdem
444 3244 588 3312 ecclesie
625 3246 656 3310 in
683 3243 900 3332 spiritualibus
937 3253 969 3311 et
1005 3245 1236 3332 temporalibus
1273 3245 1397 3332 gessit3
1434 3245 1579 3336 quodqu

273 3340 449 3405 nuecelone
476 3339 639 3407 electione
665 3348 697 3405 11
723 3336 972 3407 confirmacione
998 3339 1149 3427 predictis
1176 3339 1215 3406 ad
1242 3341 1392 3406 noticiam
1419 3337 1559 3410 (11111111

275 3436 350 3501 mini
384 3437 487 3499 nostri
512 3455 595 3523 pape
629 3431 844 3500 1111111111-
877 3454 917 3501 eo
950 3437 1023 3522 quia
1057 3432 1140 3501 idem
1177 3433 1322 3501 dominus
1354 3442 1467 3500 noster
1504 3457 1577 3526 pap

274 3529 345 3595 dum
372 3526 474 3597 adbuc
498 3528 660 3616 predictus
687 3526 789 3594 Otto
817 3527 891 3594 olim
924 3532 1097 3617 episcopus
1123 3527 1463 3618 herbipolensis
1500 3529 1579 3599 dict

276 3622 419 3690 ecclesie
443 3626 592 3709 regimini
619 3620 802 3711 presidebat
828 3626 1048 3711 pronisionem
1074 3625 1173 3711 ipsius
1201 3623 1343 3690 ecclesie
1358 3643 1396 3688 ea
1411 3625 1485 3690 uice
1513 3624 1561 3692 dis

273 3718 433 3806 posicioni
460 3737 540 3800 suo,
576 3715 762 3786 Alberto
801 3718 940 3805 capitulo
969 3726 1001 3784 et
1034 3715 1284 3806 metropolitano
1308 3716 1447 3784 lorsilan
1482 3721 1560 3805 igno

274 3811 416 3879 rantibus
445 3810 657 3898 supradictis,
683 3811 868 3899 specialiter
893 3821 1142 3894 reseruauerat,
1175 3810 1354 3879 decernens
1391 3813 1517 3880 irritum
1556 3836 1574 3882 1

275 3910 382 3990 inane,
407 3910 435 3974 si
461 3927 557 3974 secas
584 3927 683 3996 super
708 3904 768 3993 bijs
803 3927 861 3995 per
885 3928 1105 3996 quoscumque
1138 3909 1281 3974 scienter
1316 3904 1370 3973 nel
1395 3907 1571 3993 ignorante
