3150 5166
130 850 196 919 198
666 854 875 924 blonumeuta

221 1039 304 1106 Jtem
331 1037 452 1109 nullium
480 1098 487 1112 .
515 1100 523 1113 .
549 1048 780 1115 canonicorum
804 1045 950 1117 ecclesie
974 1046 1311 1141 herbipolensis
1335 1054 1439 1141 capti-

128 1136 212 1204 uabit
244 1131 298 1199 uel
323 1131 420 1203 saciet
445 1144 611 1232 captiuari,
644 1144 706 1211 nisi
730 1140 795 1212 hoc
817 1140 873 1209 liat
897 1142 1075 1213 secundum
1102 1146 1190 1233 juris
1223 1148 1442 1237 exigeuciam,

126 1237 227 1299 eciam
255 1229 295 1294 dc
320 1233 458 1302 consilio
485 1248 516 1305 et
541 1258 681 1307 assensu
706 1290 713 1305 .
740 1290 749 1307 .
774 1238 905 1328 capituli
930 1238 984 1307 nel
1010 1240 1145 1307 maioris
1168 1249 1251 1311 tune
1274 1244 1436 1333 presentis

127 1332 226 1415 partis
252 1344 387 1393 nunrero
413 1332 514 1419 ipsius
540 1332 685 1401 ecclesie
708 1329 1049 1423 herbipolensis.

219 1424 303 1492 Jtem
329 1424 447 1492 ciuitati
464 1431 725 1498 ciuiumsuorum
749 1426 1123 1519 herbipolensium
1149 1427 1273 1499 nullom
1299 1432 1442 1520 graciam

128 1520 330 1608 priuilegium
356 1519 409 1586 uel
435 1528 686 1595 concessionem
712 1534 767 1593 nut
799 1522 1107 1594 confederacionem
1139 1546 1214 1593 cnm
1239 1528 1324 1617 ipsis
1347 1524 1444 1595 iaciat

127 1617 156 1681 in
172 1612 380 1705 preludicium
394 1617 511 1702 jurium
531 1624 633 1711 ipsius
658 1620 802 1689 ecclesie
826 1618 1183 1711 herbipolensis,
1206 1640 1273 1689 nec
1287 1618 1443 1689 hactems

128 1713 175 1777 eis
201 1714 250 1778 sic
275 1708 377 1776 tactas
404 1715 592 1801 approbabit
616 1714 670 1785 uel
682 1714 884 1786 confirmabit
902 1713 1025 1807 ubsque
1049 1712 1192 1785 consilio
1217 1722 1252 1785 et
1276 1735 1442 1784 consensu

127 1810 175 1872 sui
190 1857 197 1871 .
215 1859 222 1872 .
240 1803 368 1893 capituli
392 1806 446 1874 uel
471 1815 603 1881 maioris
629 1815 729 1903 partis
755 1812 959 1902 presencium
984 1819 1061 1880 tunc
1084 1812 1321 1880 canonicorum
1348 1814 1438 1901 capi·

132 1900 279 1967 talariam
306 1901 407 1989 ipsius
433 1904 577 1979 ecclesie
602 1904 933 1998 herbipolensis.

221 1996 305 2064 Jtem
332 2001 582 2086 conposicioaes
601 2001 875 2094 predecessorum
900 2021 1034 2070 suorum
1059 2020 1132 2068 cnm
1158 1998 1276 2068 dictis.
1293 2052 1302 2068 .
1318 1999 1444 2069 ciuibus

127 2090 281 2158 hactenus
309 2088 433 2160 habitas
457 2102 629 2184 presertim
662 2118 720 2188 pro
744 2094 945 2165 libertatibus
971 2104 1005 2164 et
1021 2094 1149 2184 juribus
1173 2093 1322 2163 ecclesie
1346 2094 1444 2163 her-

127 2185 378 2276 bipolensis
404 2188 579 2261 ellicaciter
604 2192 822 2262 manutenebit
846 2188 969 2281 absque
993 2210 1075 2259 rara
1099 2210 1159 2280 pro
1183 2208 1300 2281 posse.

221 2280 305 2347 item
343 2279 437 2350 leuda
481 2288 605 2374 regalia
647 2287 689 2356 ab
732 2286 876 2357 ecclesia
909 2284 1220 2378 herbipolensi
1255 2283 1445 2354 nullatenus

127 2375 291 2459 alienabit,
317 2381 506 2448 neusciam
535 2380 702 2472 obligabit

221 2470 304 2538 Jtem
331 2470 523 2542 aduocacias
558 2479 660 2544 eciam
697 2496 798 2567 super
830 2474 1099 2565 possessionibus
1134 2472 1380 2564 episcopalibus
1413 2482 1446 2541 et

129 2621 135 2632 .
163 2617 171 2632 .
200 2570 427 2634 canonicorum
453 2568 823 2662 herbipolensium
850 2581 882 2639 et
907 2571 1041 2637 aliarum
1067 2568 1282 2636 ecclesiarum
1309 2579 1344 2636 et
1367 2590 1444 2637 mo-

130 2664 343 2729 nasteriorum
359 2666 496 2731 ciuitatis
516 2676 548 2732 et
574 2666 728 2755 dyocesis
754 2666 1077 2755 herbipolensis
1103 2684 1183 2752 quas
1209 2682 1331 2730 vacare
1357 2685 1444 2731 con-

130 2760 237 2845 tigerit
261 2779 326 2825 non
353 2757 516 2844 alienabit,
554 2760 611 2828 sed
637 2760 696 2829 sihi
723 2771 755 2829 et
781 2760 925 2829 ecclesie
950 2758 1254 2850 herbipolensi
1280 2759 1442 2827 retinebit.

129 2853 198 2921 Nec
224 2853 355 2920 easdem
373 2854 564 2921 aduocacias
591 2860 766 2923 sedeciam
793 2857 854 2922 alia
880 2854 975 2922 leuda
1002 2875 1067 2922 vno
1093 2857 1283 2941 resignante
1308 2854 1364 2939 aiij
1392 2855 1443 2921 nel

130 2949 203 3035 alijs
231 2948 391 3023 conferet,
416 2952 477 3016 nisi
504 2953 664 3039 recipiens
687 2955 761 3038 jure
786 2949 906 3018 feudali
930 2950 1028 3017 luerit
1053 2948 1150 3017 lueres
1177 2951 1290 3015 iustus.

221 3044 305 3112 Jtem
331 3043 426 3111 feuda
451 3066 566 3132 magna
594 3066 655 3134 que
680 3067 800 3113 vacare
834 3049 1032 3135 inposterum
1059 3045 1253 3131 contigerit,
1286 3040 1445 3110 videlicet

128 3141 209 3207 ultra
235 3141 350 3226 viginti
375 3138 475 3207 libras
501 3139 691 3207 hallensium
718 3145 748 3208 in
774 3138 949 3207 redditibus
975 3138 1144 3220 habenula,
1177 3137 1255 3205 nulli
1282 3139 1445 3221 conteret,

127 3234 253 3302 neceb
280 3234 422 3302 ecclesia
448 3234 754 3324 herbipolensi
782 3235 946 3318 alienabit,
982 3238 1054 3301 sine
1088 3234 1227 3300 consilio
1254 3234 1387 3320 capituli
1414 3244 1445 3301 et

128 3352 304 3399 consensu.

219 3427 303 3494 Jtem
329 3423 424 3492 fetida
450 3424 569 3491 collata
586 3445 643 3514 per
664 3424 771 3496 leliois
787 3423 1030 3491 recordacionis
1056 3423 1218 3490 dominum
1234 3420 1444 3490 Andream

128 3520 482 3611 herbipolensem
517 3523 703 3610 episcopum
738 3518 839 3586 nobili
874 3518 1003 3586 domine
1042 3570 1049 3583 .
1088 3570 1095 3584 .
1133 3516 1250 3584 relicte
1283 3517 1443 3604 quondam

123 3616 262 3702 jllustris
301 3618 453 3706 principis
487 3615 605 3684 domini
641 3615 866 3682 Hermonni
914 3612 1109 3680 marchionis
1147 3610 1444 3680 brandenbur-

127 3716 277 3799 gensis
311 3710 364 3798 alij
390 3711 444 3777 uel
479 3710 552 3798 alijs
594 3730 790 3799 nequaquam
818 3708 965 3776 conieret
990 3712 1062 3775 sine
1087 3728 1252 3774 consensu
1280 3759 1287 3772 .
1313 3758 1321 3772 .
1349 3712 1445 3798 capi-

128 3807 196 3874 tuli.
229 3810 291 3874 nisi
325 3804 500 3873 secundum
535 3816 682 3872 tenorem
723 3805 902 3872 litterarum
943 3825 1041 3893 super
1072 3823 1113 3870 eo
1156 3802 1377 3869 confectarum
1413 3814 1443 3870 et

130 3902 241 3987 sigillo
268 3901 396 3991 capituli
424 3899 648 3989 sigilletnrum.

224 3999 307 4065 item
335 3996 528 4062 aduocacias
555 4016 654 4085 super
679 3994 774 4062 honis
800 3993 1014 4060 ecclesiarum
1049 4004 1079 4059 et
1107 3993 1379 4059 monasteriorum
1406 3991 1445 4059 ah

130 4144 170 4157 ..
199 4096 354 4182 episcopo
381 4090 687 4180 herbipolensi
721 4088 936 4179 procedentes
971 4092 1001 4155 in
1037 4088 1165 4155 lendum
1191 4108 1257 4154 non
1283 4086 1445 4165 conferet,

128 4191 190 4253 nisi
219 4196 337 4254 tantum
364 4189 430 4267 vni,
456 4190 559 4253 eciam
585 4189 613 4252 si
648 4185 756 4273 plures
782 4184 921 4251 heredes
958 4182 1077 4250 luerint
1114 4184 1222 4269 quiin
1260 4179 1447 4267 aduocacijs

128 4281 307 4367 huiusmodj
334 4303 371 4349 se
396 4281 537 4348 dixerint
558 4283 610 4366 jus
633 4277 763 4346 hahere.
