3158 4732
142 507 210 572 fut
691 505 897 572 hlorrumenta

141 693 285 759 colarum
311 697 341 760 in
369 693 576 783 Statberg
600 694 797 761 uniuersitas
823 692 970 781 legitime
995 711 1032 758 se
1058 693 1219 775 astrinxit,
1244 702 1282 761 vt
1309 693 1461 784 legitime

139 787 232 855 nohis
259 797 395 854 constat.

235 883 274 948 ln
308 901 441 970 quorum
483 886 622 949 omnium
659 892 693 950 et
727 881 928 970 singulorum
962 883 1193 970 premissorum
1232 887 1460 953 testimonium

142 986 328 1065 perpetuum
356 984 449 1063 atque
475 975 573 1043 robur
597 976 655 1046 has
682 976 809 1044 litteras
835 976 976 1064 desuper
1001 978 1203 1066 conscriptas
1230 977 1460 1047 mandauimus

139 1075 243 1138 nostri
269 1068 368 1156 sigilli
393 1077 593 1159 appensione
619 1075 743 1139 muniri.

236 1168 349 1231 ilatum
375 1163 613 1255 herbipoli,
638 1187 722 1234 anno
748 1164 868 1233 domiui
894 1164 1068 1232 millesimo
1095 1169 1332 1235 trecentesimo
1357 1172 1459 1258 quin-

142 1262 333 1347 quagesimo
360 1261 475 1349 primo,
499 1259 549 1328 X⁰
572 1260 728 1329 kalendas
753 1263 890 1347 augusti.

335 1452 413 1518 Cujus
442 1453 535 1506 mentio
566 1454 629 1506 lecta
658 1461 698 1508 cst
725 1454 834 1522 sigillum
863 1453 910 1506 dlis
931 1453 1021 1506 sericis
1043 1453 1137 1507 coloris
1158 1453 1229 1506 rubri
1251 1461 1278 1508 et
1310 1457 1405 1511 viridis
1425 1474 1458 1512 cx

336 1534 385 1586 hoc
407 1534 559 1588 documento
580 1551 730 1604 suspensum
752 1542 800 1592 est.

334 1631 391 1683 Lori
415 1647 505 1685 nornen
527 1634 606 1701 prima
627 1650 701 1687 manu
716 1634 921 1686 Vllenboion
943 1633 1064 1701 seriptum
1085 1633 1195 1685 secunda
1216 1648 1292 1686 manu
1311 1642 1457 1693 atramento

334 1712 465 1779 pallidiore
481 1714 586 1782 ubique
607 1715 632 1768 in
654 1716 806 1770 documento
827 1716 852 1769 in
873 1714 1116 1769 Wellcnboten
1138 1721 1258 1768 mutatum
1279 1724 1329 1773 eat.

755 1968 833 2039 OlC.

617 2150 704 2221 1351,
726 2145 772 2205 die
794 2150 820 2206 3.
844 2150 965 2223 augusti.

143 2304 258 2370 Clerus
283 2305 445 2373 dioecesis
472 2306 710 2397 herbipolensis
735 2306 914 2375 saecularis
950 2315 982 2373 et
1007 2305 1184 2394 religiosus
1210 2328 1342 2374 necnon
1368 2329 1453 2397 per-

139 2420 241 2465 sonae
262 2400 454 2485 judiciorum
482 2403 698 2470 saecularium
724 2399 997 2491 herbipolensium
1015 2410 1047 2467 et
1061 2400 1135 2468 laici
1161 2404 1303 2468 civitatis
1330 2407 1454 2470 wirzi-

139 2491 310 2578 burgensis
338 2516 354 2560 a
381 2499 494 2583 poenis
521 2496 731 2585 promulgatis
759 2497 967 2586 processibus
994 2494 1160 2585 papalibus
1186 2505 1249 2563 tam
1277 2500 1307 2563 in
1335 2495 1452 2566 Ludo-

137 2590 200 2653 vici
235 2588 391 2676 quondam
426 2592 629 2679 imperatoris
661 2591 806 2659 lautores
831 2613 922 2680 quam
944 2594 1120 2656 occasione
1143 2594 1345 2678 provisionis
1372 2598 1451 2681 epi-

395 2695 546 2774 scopatus
573 2684 811 2775 herbipolensis
843 2685 936 2752 foetis
963 2683 1183 2751 absolvuntur.

774 2878 799 2932 l.

227 3050 479 3118 Fridericus
516 3051 566 3117 dei
594 3063 625 3118 et
650 3061 762 3117 sancte
788 3050 875 3118 sedis
903 3051 1106 3139 oppostolice
1133 3052 1242 3139 gracia
1269 3054 1448 3141 episcopus

134 3143 484 3233 bambergensis!
512 3149 743 3213 conmissarius
770 3147 913 3231 ciusdem
940 3146 1028 3212 sedis
1054 3151 1245 3213 auctoritate
1270 3145 1310 3210 ad
1335 3147 1446 3213 inira·

133 3242 251 3327 scripta
268 3241 447 3331 deputatus„
472 3250 587 3307 tenore
604 3242 807 3328 presencium
827 3293 833 3306 .
853 3293 859 3305 .
879 3240 1122 3328 perceptoribus
1137 3240 1347 3329 patefacimus
1363 3245 1445 3308 vni-

135 3339 253 3400 uersis.
279 3335 361 3423 quod
387 3335 523 3402 dilectos
540 3340 570 3401 in
588 3334 715 3401 Christo
742 3334 969 3401 lohannem
998 3335 1136 3401 electum
1162 3346 1195 3401 et
1220 3332 1445 3402 confirmatum

131 3432 161 3494 in
189 3428 335 3496 abbatem
373 3433 475 3498 sancti
508 3430 739 3506 Burhardi„
775 3430 1051 3496 llermannum
1085 3433 1186 3496 sancti
1221 3427 1444 3516 Stephani,

131 3523 367 3613 Philippum
414 3528 515 3591 sancti
554 3523 702 3591 lacohi
755 3528 1023 3590 monasteriorum
1062 3522 1442 3611 herbipolensium

131 3616 262 3685 abbates
289 3620 410 3686 ordinis
437 3623 537 3685 sancti
564 3618 813 3695 Benedicti,
849 3639 976 3684 necnon
1003 3622 1203 3699 maioris,
1240 3620 1343 3684 sancti
1369 3618 1443 3685 lo-

129 3710 284 3778 hannis
311 3716 341 3777 in
368 3714 533 3799 Hauge.
568 3736 605 3778 ac
636 3710 1012 3798 Nouimonasterij
1054 3713 1265 3779 ecclesiarum
1291 3710 1442 3779 harhi-

130 3805 325 3892 polensiu
336 3829 362 3872 m
381 3860 386 3871 .
403 3860 409 3871 .
424 3808 572 3894 capitulaff
594 3806 814 3893 dictorumque
828 3811 1096 3873 monasteriorum
1110 3817 1288 3873 conuentus
1302 3828 1342 3871 ac
1362 3827 1442 3871 om-

133 3922 192 3966 nes
219 3911 249 3966 et
275 3902 418 3989 singulas
457 3902 572 3970 ibidem
608 3902 840 3968 conuentuales
876 3923 1054 3991 personas3
1089 3902 1275 3991 specialiter
1310 3921 1442 3994 quoque
