3158 4732
706 489 914 559 hlouumeuta

747 875 896 946 XXXIV.

415 1067 503 1141 1344,
524 1067 572 1125 dle
593 1066 642 1130 30.
662 1067 787 1125 octobris
807 1079 920 1124 necnon
941 1062 988 1122 dte
1008 1063 1038 1125 2.
1060 1062 1231 1122 novembris.

165 1245 253 1315 lntra
287 1252 379 1335 septa
411 1240 563 1310 coenobii
595 1240 810 1330 kitzingeusis
845 1239 1005 1330 hospitale
1039 1258 1111 1307 cum
1136 1236 1264 1327 capella
1295 1237 1335 1305 ad
1371 1240 1474 1329 ipsum

381 1339 563 1427 pertinente
587 1355 715 1405 neeuou
740 1334 921 1427 capellania
946 1343 1055 1403 curata
1080 1334 1264 1402 instituitur.

806 1527 834 1587 1.

259 1675 455 1746 innomine
479 1671 598 1740 domini
624 1691 729 1740 amen.

260 1810 355 1879 Otto
380 1806 433 1876 dei
457 1809 567 1895 gracia
584 1808 757 1897 episcopus
782 1804 1116 1896 herbipolensis
1140 1812 1257 1872 tenore
1269 1805 1476 1893 presencium

168 1958 175 1975 .
201 1957 208 1971 .
236 1899 480 1994 perceptoribus
505 1903 799 1989 recongnoscimus
817 1910 850 1969 et
874 1898 1084 1989 patefacimus
1109 1900 1286 1982 uniuersis,
1312 1895 1396 1986 quod
1421 1895 1476 1964 di-

167 1998 245 2067 lecti
270 2001 302 2066 in
318 1996 447 2066 Christo
473 1995 582 2065 deuoti
607 2005 639 2063 et
661 1994 793 2064 discreti
817 1996 880 2063 viri
904 1993 1132 2082 liudgerus
1159 2001 1192 2060 et
1215 1990 1476 2060 Woliramus

166 2093 241 2160 dicti
267 2091 348 2161 Tul
352 2089 440 2173 ele,
464 2093 555 2158 ciues
581 2091 720 2158 ciuitatis
744 2100 859 2158 nostre
883 2086 1228 2178 herbipolensis,
1252 2087 1411 2175 germani,
1436 2083 1477 2152 de

168 2185 285 2276 oppido
322 2185 555 2272 llituingen
591 2183 727 2268 oriundi,
767 2181 1027 2254 desiderabiliter
1057 2181 1245 2250 affectantes
1279 2182 1390 2269 gracie
1416 2177 1477 2246 sihi

167 2284 344 2371 inspirante
370 2277 475 2347 diuina
499 2278 692 2368 temporalia
716 2276 801 2347 hona
826 2298 884 2369 pro
911 2274 1088 2346 celestibus
1124 2285 1325 2357 coenatore,
1354 2276 1389 2362 J‘u
1414 2271 1478 2341 hoc

168 2375 303 2466 prouida
339 2371 534 2441 attendendo
560 2372 645 2461 quod
683 2372 818 2443 celestis
845 2371 977 2440 altitudo
1015 2369 1143 2460 consilij
1170 2368 1235 2437 alta
1266 2379 1300 2437 et
1324 2367 1477 2437 ineffabili

168 2469 377 2559 prouideucia
402 2476 515 2535 cuncta
541 2469 697 2535 swauiter
721 2466 898 2558 disponens
924 2486 989 2534 non
1015 2464 1137 2556 absque
1162 2464 1371 2534 ordinacione
1396 2465 1478 2530 recti

162 2563 274 2653 judicij
313 2560 466 2652 quosdam
511 2564 542 2630 in
578 2560 670 2630 huius
713 2564 782 2630 uite
815 2564 949 2630 transitu
988 2559 1173 2629 habundare
1206 2557 1361 2648 quosdam
1394 2577 1477 2625 vero

168 2657 266 2726 rebus
292 2655 523 2748 temporalibus
547 2655 652 2725 voluit
676 2655 837 2746 indigere,
872 2666 910 2725 ut
934 2659 983 2725 sic
1019 2656 1135 2725 diuites
1168 2657 1230 2745 ipsi
1255 2652 1477 2723 subueniendo

169 2755 297 2821 miseris
322 2761 356 2818 et
380 2750 551 2842 egentibus
567 2750 761 2841 adimpleant
784 2751 894 2841 legem
910 2750 1028 2821 Christi
1053 2772 1114 2842 qua
1139 2749 1285 2818 iubemur
1308 2751 1478 2838 proximos

172 2847 310 2935 diligere
344 2854 377 2914 et
412 2845 495 2915 alter
528 2845 661 2914 alterius
699 2867 800 2916 onera
833 2856 1037 2936 supportare,
1073 2849 1123 2914 sic
1159 2865 1288 2935 quoque
1321 2842 1477 2912 merendo

168 2942 295 3009 facilius
321 2939 438 3010 diuites
464 2941 561 3008 adiuti
585 2939 756 3010 humilibus
782 2940 933 3032 precihus
959 2993 967 3008 .
994 2993 1002 3009 .
1029 2959 1203 3032 pauperum
1238 2937 1354 3027 gaudia
1378 2958 1478 3007 asse-

169 3039 220 3126 qui
245 3033 377 3103 valeaut
401 3039 614 3126 sempiterna:
653 3056 673 3102 o
709 3057 801 3125 quam
840 3035 979 3106 salubris
1019 3035 1176 3125 siquidem
1216 3043 1267 3102 est
1299 3054 1478 3122 egenorum

172 3130 349 3199 suhueucio
386 3152 448 3220 que
473 3129 545 3198 dum
582 3133 615 3196 in
639 3133 784 3221 presenti
817 3132 902 3199 malo
927 3133 1085 3220 proximis
1120 3132 1239 3217 satagit
1264 3126 1479 3197 subuenirea

172 3225 265 3293 malis
291 3228 455 3315 perpetuis
481 3223 611 3292 liberari
635 3235 778 3293 meretur
801 3224 958 3316 prophete
984 3226 1170 3294 testimonio
1195 3227 1244 3293 sic
1273 3221 1430 3292 dicentis:

368 3318 482 3388 heatus
508 3321 560 3409 qui
592 3318 745 3407 iutelligit
777 3340 874 3410 super
910 3341 1049 3408 egenum
1075 3327 1107 3387 et
1131 3338 1320 3410 pauperem:
1353 3319 1390 3407 J‘n
1428 3315 1480 3384 die

369 3413 451 3481 mala
477 3434 548 3481 eum
574 3412 722 3482 dominus
745 3412 905 3499 liberabit,

171 3510 255 3600 quod
281 3519 314 3578 et
337 3512 408 3599 ipsa
432 3517 568 3578 testatur
592 3511 715 3577 veritas
740 3512 772 3576 in
792 3507 934 3594 Matheo,
960 3510 1009 3578 sic
1032 3507 1162 3578 diceus:

369 3601 454 3671 beati
479 3602 722 3688 misericordes,
755 3606 905 3694 quoniam
930 3613 963 3672 et
986 3605 1047 3694 ipsi
1073 3601 1328 3672 misericordiam
1354 3623 1480 3672 couse-

391 3706 519 3782 uantur,

171 3802 204 3955 qli
251 3793 314 3954 hpc
362 3719 465 3882 ideam
505 3792 589 3861 idem
632 3791 848 3881 ewangelista
886 3789 963 3859 alibi
996 3791 1131 3880 exponit
1173 3790 1386 3876 auidencius,
1432 3793 1482 3858 sie

205 3909 264 3955 cen
288 3910 325 3956 o:
