3158 4732
180 525 251 601 att
734 519 943 602 Monumenta

176 725 211 811 ju
238 725 367 790 ciuitate
392 732 506 792 nostra
531 720 832 812 herbipolensi
865 725 1053 791 consistens
1079 724 1181 812 ipsius
1208 719 1330 791 ordinis
1355 718 1497 789 Bene·

179 817 283 885 dicti
318 827 381 885 tam
407 822 439 887 in
465 821 570 908 capite
596 838 688 907 quam
724 820 756 886 in
784 816 936 887 membris
960 827 1075 886 nostra
1101 816 1341 885 reformacioue
1374 815 1498 885 salubri

177 917 210 982 in
236 912 455 1002 spiritualibus
481 923 514 981 et
539 912 771 1003 temporalibus
786 912 990 1003 infrascripta
1004 933 1129 982 summe
1154 910 1303 1000 indigere
1329 923 1498 996 censetur,

179 1019 210 1076 et
237 1012 310 1097 quia
345 1010 394 1097 (ut
420 1029 514 1077 sacer
550 1028 655 1076 canon
690 1010 842 1096 testator)
868 1007 954 1077 bone
987 1011 1036 1076 rei
1071 1008 1149 1076 dare
1184 1010 1399 1098 patrocinium
1438 1029 1522 1076 seu

180 1102 361 1172 consultum
388 1113 420 1171 et
444 1106 606 1194 presentis
632 1106 700 1171 vite
732 1102 905 1172 subsidium
940 1107 1088 1195 optinere
1123 1113 1155 1171 et
1188 1113 1302 1171 eterne
1337 1123 1496 1171 remune-

179 1201 322 1267 racionis
335 1202 491 1289 premlum
506 1208 683 1289 expectare
698 1202 922 1270 incunctanter
947 1209 1109 1290 speratum
1134 1209 1308 1289 propterea
1333 1208 1368 1266 ut
1394 1207 1498 1266 status

178 1297 279 1385 ipsius
305 1297 494 1382 monasterij
531 1293 770 1363 insalubribus
796 1295 1007 1385 spiritualium
1044 1293 1244 1385 profectibus
1280 1303 1313 1362 et
1344 1291 1500 1363 uberibus

179 1388 407 1479 temporalium
442 1388 651 1458 successibus
685 1389 860 1457 secundum
894 1393 1100 1478 exigenciam
1135 1410 1303 1458 sacrorum
1338 1409 1498 1458 canonum

179 1496 212 1553 et
236 1488 338 1574 ipsius
365 1484 488 1552 ordinis
515 1484 660 1572 regulam
688 1506 747 1552 seu
772 1485 889 1573 regule
902 1490 1046 1554 instituta
1065 1507 1104 1553 ac
1129 1483 1363 1553 obseruanoias
1392 1506 1497 1574 regu·

178 1580 267 1648 lares
294 1601 425 1647 necnon
451 1580 809 1668 statutasucriconcilij
834 1581 1045 1671 prouincialis
1061 1580 1206 1648 ecclesie
1232 1583 1501 1669 mogontine,

182 1674 435 1764 metropolitane
459 1674 585 1764 quidem
610 1678 712 1765 ipsius
730 1674 873 1745 ecclesie
899 1675 1250 1766 herbipolensis,
1274 1678 1307 1744 in
1333 1678 1439 1766 capite
1466 1684 1499 1742 et

179 1774 211 1838 in
237 1768 392 1838 membris
419 1769 525 1837 diuina
550 1768 711 1858 largiente
726 1770 906 1838 clemencia
919 1770 1061 1840 feliciter
1086 1781 1298 1862 prosperetur
1323 1793 1362 1839 ac
1388 1769 1498 1838 debite

181 1864 422 1955 perhennetur,
455 1887 498 1932 ex
534 1863 642 1932 debito
678 1868 781 1935 nostri
819 1865 915 1953 olliolj
951 1867 1125 1956 pastoralis
1157 1870 1194 1954 jn
1228 1870 1348 1936 virtute
1384 1876 1498 1934 sancte

181 1958 373 2028 obediencie
398 1970 430 2028 et
456 1959 515 2029 sub
535 1964 720 2049 speramine
738 1964 967 2050 premiacionis
994 1961 1101 2030 diuine
1127 1984 1166 2030 ac
1190 1959 1362 2030 formidine
1389 1959 1499 2028 male·

181 2056 331 2125 dictionis
357 2065 472 2123 eterne
496 2058 690 2145 propensius
716 2055 928 2126 exhortantes
961 2055 1137 2126 districtius
1163 2054 1372 2147 precipiendo
1399 2077 1497 2123 man·

182 2150 316 2236 damus,
350 2158 506 2239 quatenus
542 2148 650 2217 dilecti
685 2154 716 2217 in
743 2149 872 2218 Christo
900 2204 906 2219 .
936 2204 942 2219 .
971 2151 1068 2219 abbas
1096 2204 1104 2220 .
1131 2205 1138 2219 .
1165 2154 1256 2242 prior
1281 2160 1314 2218 et
1339 2204 1346 2219 .
1375 2203 1383 2218 .
1411 2171 1498 2219 con-

181 2255 297 2314 uentus
324 2266 362 2319 ao
377 2297 384 2314 .
402 2245 934 2315 ‚conuentuatesmonactiactam
960 2247 1090 2318 ollloiati
1116 2246 1233 2315 ibidem
1259 2266 1319 2336 pro
1346 2256 1495 2337 tempore

181 2344 363 2410 existentes
397 2340 481 2408 tales
516 2361 596 2410 vere
622 2345 765 2410 existant
795 2342 909 2431 quales
936 2363 1014 2410 esse
1040 2341 1188 2410 dicuntur
1212 2362 1251 2408 ac
1283 2344 1387 2409 eciam
1421 2361 1499 2409 esse

182 2435 302 2504 debent
326 2434 367 2502 de
393 2434 516 2503 ordinis
540 2435 656 2522 regula
683 2446 777 2525 atque
797 2438 894 2524 jure,
929 2447 965 2505 vt
988 2439 1120 2505 nomina
1144 2439 1288 2527 ipsorum
1314 2445 1498 2505 consonent

182 2535 231 2600 sio
265 2532 426 2621 personis.
495 2527 543 2597 (lb
586 2528 649 2597 hoo
685 2551 813 2620 quoque
848 2532 1032 2620 regularem
1074 2536 1172 2603 vitam
1217 2543 1250 2600 et
1286 2534 1496 2602 monasticam

182 2625 383 2715 disciplinam
416 2628 448 2692 in
475 2623 623 2693 omnibus
649 2625 825 2695 secundom
855 2629 938 2714 juris
971 2638 1004 2694 et
1036 2628 1157 2696 ordinis
1191 2630 1335 2695 instituta
1368 2648 1497 2695 necnon

183 2719 360 2789 laudabiles
387 2719 639 2788 consuetudines
666 2744 704 2789 ac
730 2732 906 2791 consuetas
924 2719 1157 2792 obseruanoias
1183 2722 1354 2810 regulares
1381 2721 1498 2791 ibidem

179 2819 214 2904 ju
249 2826 398 2905 quantum
433 2814 569 2883 bumana
602 2815 762 2905 fragilitas
796 2821 872 2886 sinit
909 2820 1029 2885 vtinam
1056 2828 1206 2907 satagant
1233 2815 1434 2902 obseruare,
1465 2819 1500 2904 ju

184 2910 355 3000 religionis
390 2911 515 3000 quidem
551 2910 672 2980 decore
709 2917 860 2980 virtutum
887 2913 1016 2981 domino
1044 2914 1230 2998 militantes
1267 2910 1499 2999 crucifigentes

183 3009 285 3074 eclam
312 3027 383 3073 cum
411 3008 505 3094 vicijs
532 3017 563 3074 et
588 3011 868 3097 concupiscencijs
894 3029 1024 3076 earnem
1049 3031 1151 3095 suam
1176 3030 1304 3076 necnon
1331 3007 1498 3075 trabentes

183 3102 222 3168 ad
248 3101 354 3168 diuina
378 3104 556 3171 maiestatis
570 3101 726 3191 obsequia
741 3102 824 3171 alios
851 3104 1086 3193 perexcmpla‚
1112 3114 1147 3172 vt
1171 3107 1232 3193 ipsi
1248 3102 1365 3171 obinde
1392 3107 1495 3170 eciam

183 3194 332 3265 benedici
359 3198 390 3263 in
414 3196 475 3264 hac
498 3200 566 3267 vita
594 3206 628 3265 et
652 3197 758 3265 lutura
785 3196 919 3266 boaria
945 3198 1075 3266 domino
1103 3208 1298 3266 mereantur.

230 3415 397 3504 [lercium
423 3413 596 3505 capitulum
622 3414 663 3481 de
688 3415 851 3485 electione
867 3420 1028 3505 regimine
1053 3428 1087 3485 et
1112 3423 1276 3506 potestate
1301 3412 1453 3504 abbatis]

279 3578 420 3666 Jnsuper
444 3600 571 3667 quoque
599 3631 606 3645 .
643 3576 776 3645 ‚abbas
811 3576 966 3646 decetero
1005 3587 1037 3645 ut
1070 3576 1224 3647 hactenus
1260 3577 1410 3665 eligatur.
1461 3575 1497 3642 Js

183 3684 289 3743 autem
324 3673 363 3739 ad
396 3672 574 3760 huiusmodi
609 3673 773 3763 prelature
805 3694 865 3743 seu
898 3673 1062 3761 dignitatis
1096 3673 1229 3760 gradum
1265 3696 1330 3740 non
1366 3690 1496 3761 precum

184 3769 340 3857 sullragio
366 3769 424 3838 sed
451 3771 574 3837 meritis
601 3768 804 3836 sarciendam
831 3769 914 3836 alios
941 3765 1048 3834 debite
1074 3769 1260 3854 antecellat⁷
1284 3787 1379 3857 quom
1408 3763 1500 3832 labor

184 3865 345 3954 prolixior
381 3873 414 3930 et
445 3867 512 3932 vita
549 3862 739 3952 religiosior
764 3867 941 3931 meruerint
966 3866 1100 3931 anteire.
1160 3865 1360 3950 Quicumque
1395 3870 1498 3928 autem

185 3959 338 4051 deinceps
365 3962 467 4027 eciam
494 3962 686 4028 auctoritate
712 3979 911 4049 quacumque
938 3961 1008 4027 siue
1033 3959 1214 4049 apostoliea
1240 3960 1311 4027 siue
1338 3955 1498 4025 ordinaria
