3158 4732
720 532 929 603 bionumenta

737 931 904 1004 CLXXIII.

645 1125 732 1198 1350,
754 1121 801 1182 die
823 1124 873 1184 28.
894 1127 1016 1202 augusti,

196 1296 390 1367 Beneficium
418 1298 623 1368 sacerdotale
649 1298 789 1390 simplex
814 1300 983 1367 misseriae
999 1301 1031 1367 in
1055 1297 1198 1367 eeclesia
1225 1296 1403 1388 parochiali
1432 1300 1464 1365 in

390 1393 540 1463 hlhlbach
565 1393 624 1463 sub
650 1405 758 1464 castro
783 1392 966 1463 Karelburh
991 1397 1052 1462 sita
1075 1395 1260 1463 instituitur.

266 1583 306 1650 ln
333 1586 464 1652 nomine
490 1583 609 1654 domini
633 1604 737 1651 amen.

267 1676 475 1747 Albertus
513 1678 563 1746 dei
602 1688 634 1746 et
666 1688 780 1750 sancte
813 1675 902 1747 sedis
935 1677 1116 1769 apostolice
1153 1679 1266 1767 gracia
1299 1675 1427 1744 electus
1453 1679 1487 1743 in

174 1773 362 1861 episcopum
398 1771 757 1862 herbipolensem
797 1770 1006 1841 confirmatus
1045 1772 1085 1842 ad
1121 1770 1291 1841 laudabilis
1327 1772 1375 1838 rei
1409 1791 1478 1838 me·

173 1868 306 1933 moriam
333 1871 572 1958 sempiternam.

267 1962 443 2047 Quoniam,
476 1972 510 2030 vt
543 1983 639 2033 sacer
664 1983 768 2030 canon
794 1971 950 2045 testatur,
981 1961 1068 2029 bone
1093 1963 1141 2029 rei
1167 1957 1245 2027 dare
1272 1959 1486 2050 patrocinium

172 2075 231 2121 seu
257 2057 439 2124 consultum
473 2067 505 2124 et
530 2059 691 2146 presentis
727 2059 795 2125 vite
821 2053 997 2125 subsidium
1032 2059 1178 2146 optinere
1212 2062 1245 2122 et
1277 2062 1390 2122 eterne
1424 2073 1487 2121 re-

173 2154 411 2219 muneracionis
445 2155 599 2242 premium
634 2155 776 2219 cernitur
806 2160 1003 2241 expectare,
1040 2153 1113 2240 quia
1146 2151 1244 2239 igitur
1278 2156 1367 2216 oerta
1400 2144 1488 2216 bona

168 2243 348 2328 immobilia
375 2256 407 2314 et
432 2249 527 2313 annui
563 2245 707 2313 redditus
741 2267 780 2318 ao
805 2266 924 2313 census
951 2241 1150 2313 sufficientes
1183 2241 1222 2311 ad
1258 2242 1486 2311 fundacionem

174 2358 232 2405 seu
259 2338 462 2408 dotacionem
488 2338 634 2428 beneficij
662 2341 878 2410 ecclesiastici
904 2338 1119 2408 sacerdotalis
1145 2338 1302 2428 slmplicis
1326 2357 1392 2405 nou
1421 2358 1486 2404 cu·

171 2436 232 2498 rati
258 2437 408 2502 missario
444 2437 519 2502 noui
553 2434 664 2504 altaris
699 2434 867 2503 beatorum
899 2433 1110 2503 Iohannis
1136 2433 1374 2522 ewangeliste,
1398 2431 1486 2500 An·

172 2526 270 2593 dree
295 2528 448 2617 apostoli,
472 2529 621 2598 llaroli
648 2533 737 2619 regis
763 2532 870 2618 magni
896 2529 1112 2614 contessoris,
1137 2538 1382 2616 sanctarumque
1410 2531 1485 2596 vir-

172 2624 280 2709 ginum
306 2623 540 2691 Kotherine
565 2624 751 2692 Barbare
778 2635 810 2692 et
834 2623 1054 2692 Dorothee
1074 2623 1264 2712 instituendi
1289 2622 1416 2712 quidem
1444 2624 1485 2692 de

171 2738 257 2784 nouo
283 2721 314 2803 jn
340 2718 466 2786 laudem
493 2723 720 2809 omnipotentis
746 2719 797 2787 dei
824 2728 855 2786 et
880 2721 1121 2808 gloriosissime
1148 2721 1285 2806 virginis
1300 2717 1401 2785 hlarie
1416 2740 1485 2804 ge-

171 2815 295 2881 nitricis
321 2834 380 2881 sue
407 2823 656 2903 sanctorumque
684 2825 890 2902 patronorum
917 2836 1048 2882 suorum
1076 2812 1291 2902 predictorum
1318 2833 1356 2878 ac
1377 2817 1485 2882 tocius

167 2907 331 2992 jerarchia
357 2909 491 2976 celestis
516 2931 644 2977 necnon
663 2908 703 2975 ob
723 2909 819 2976 dinIni
836 2912 973 2975 numinis
998 2908 1103 2975 cultus
1130 2916 1333 2996 augmentum
1357 2910 1392 2994 jn
1421 2931 1485 2976 ec-

170 3001 272 3068 clesia
298 3002 492 3091 parrochiali
518 3007 549 3070 in
575 3001 767 3071 molbach
793 3002 852 3072 sub
879 3012 986 3070 castro
1013 3000 1397 3085 nost-collorelburlr,
1418 3026 1482 3071 an·

170 3118 255 3163 nexa
281 3097 406 3185 quidem
433 3098 581 3188 cappello
607 3097 701 3166 beate
727 3099 866 3166 lllarie
893 3109 925 3165 et
950 3108 1063 3166 sancte
1089 3096 1333 3166 Gerdrudis
1359 3101 1390 3163 in
1418 3120 1485 3166 eo-

172 3190 242 3257 dem
269 3202 377 3259 cestro
403 3196 519 3261 situata
546 3203 658 3260 nostre
685 3193 851 3284 dyocesis,
876 3215 937 3282 que
963 3192 1089 3280 quidem
1116 3192 1262 3282 cappella
1280 3214 1350 3258 cum
1372 3204 1485 3263 castro

171 3295 203 3352 et
229 3287 370 3355 ecclesia
398 3286 609 3378 parrochialis
636 3310 705 3354 cum
733 3288 811 3361 villa
839 3296 871 3354 et
895 3287 1044 3354 marchiis
1071 3290 1139 3354 suis
1164 3308 1292 3355 necnon
1319 3288 1486 3358 ..clerus

172 3389 236 3448 et.
266 3433 272 3447 .
300 3383 436 3470 populus
464 3405 501 3449 ac
528 3435 535 3449 .
564 3383 706 3469 ‚jucole
739 3385 906 3471 utriusque
933 3403 1033 3450 sexus
1060 3380 1176 3449 ibidem
1201 3380 1296 3449 nobis
1323 3392 1355 3449 et
1374 3386 1486 3470 juris-

171 3473 302 3542 dictioni
330 3477 508 3566 episcopali
534 3477 716 3544 immediate
742 3481 844 3545 eciam
870 3477 1025 3545 hactenus
1052 3475 1236 3567 abantiquo
1261 3481 1391 3544 notorie
1410 3490 1487 3547 sunt

171 3568 320 3654 subiecti,
345 3571 603 3638 archidiaconum
630 3571 785 3660 siquIdem
811 3593 876 3639 non
901 3571 1058 3640 habentes
1083 3593 1145 3639 neo
1168 3571 1288 3638 habere
1313 3571 1487 3659 debentes,

171 3686 188 3730 a
215 3663 334 3732 dilecto
361 3669 392 3733 in
419 3665 548 3735 Christo
574 3666 769 3734 iohanne
795 3664 835 3733 de
859 3665 1017 3734 Floche
1044 3667 1144 3733 milite
1170 3689 1228 3756 pro
1255 3667 1390 3733 emenda
1416 3667 1486 3736 ho-

172 3759 287 3847 micidij
315 3782 372 3849 per
397 3782 470 3827 eum
503 3764 534 3828 in
560 3783 700 3851 persona
736 3760 894 3851 quondam
928 3760 1116 3828 Conradi
1149 3760 1224 3828 dicti
1259 3761 1299 3828 de
1329 3763 1485 3850 Espel-

170 3852 273 3920 bach
299 3858 465 3943 armigeri,
491 3860 668 3925 castrensis
694 3859 798 3924 nostri
824 3854 938 3923 ibidem
963 3859 994 3923 in
1017 3854 1278 3939 llerelbnrk,
1305 3855 1486 3944 prohdolor

170 3953 344 4037 perpetrati
368 3950 527 4038 legittime
564 3951 674 4020 donati
710 3962 742 4019 et
778 3951 918 4042 deputati
955 3954 1117 4035 existunt,
1149 3961 1244 4041 prout
1277 3951 1481 4021 documentis
