3158 4732
175 518 245 589 llll
722 517 932 587 amr·

175 718 269 779 seete
293 709 433 775 mida
457 718 492 774 et
516 710 586 775 iura
610 704 672 775 subi
688 727 708 773 a
723 704 819 775 rnbis
844 705 952 775 debita
975 706 1135 776 exbiberi·
1159 711 1287 796 integre
1309 710 1490 779 M:

176 800 317 893 alioquin
341 805 541 869 mteacisar
567 805 639 869 sine
663 822 779 890 penam
803 822 898 891 quarn
925 805 997 892 ipse
1017 806 1083 872 rite
1106 803 1218 870 tulerit
1240 807 1314 871 sine
1336 813 1490 874 merit

174 900 207 965 in
232 894 377 965 rebelles
401 908 501 963 ratasr
526 894 736 978 babebinns‚
760 906 795 963 et
816 898 974 965 iaciemus
997 907 1133 966 auctore
1155 896 1288 967 leniae
1317 920 1425 989 aspe
1448 902 1490 969 al

175 990 432 1061 satisfactionem
456 991 650 1080 eunliguarn
674 990 905 1060 inuiolabiliter
930 992 1116 1059 obscrnan'u

272 1114 388 1182 llatuar
413 1112 496 1204 apul
520 1112 741 1181 Secnsianr
766 1116 1042 1181 taurinensis
1065 1113 1232 1183 lineesis.
1265 1112 1342 1183 xli!
1364 1114 1490 1184 bales-

175 1208 234 1277 das
255 1208 341 1297 julii,
365 1205 568 1299 pentibestns
593 1206 739 1275 eiustlcar
764 1210 885 1276 donini
909 1206 1089 1277 Clementis
1112 1230 1196 1300 pape
1204 1206 1250 1275 w
1272 1231 1360 1278 anan
1384 1233 1489 1279 amn.

377 1400 541 1455 Gallula
560 1400 705 1470 presbyteri
725 1402 861 1455 cardinalis
880 1402 990 1469 ι’ςίῦιι
1011 1400 1061 1453 {bs
1080 1401 1172 1455 mid·
1191 1404 1263 1457 rabri
1283 1402 1382 1456 enlnris
1401 1404 1492 1456 cah

374 1482 467 1536 litteris
486 1497 637 1552 serpena·
658 1489 707 1538 eu.

816 1762 835 1820 3

271 1934 409 2005 Guido
442 1937 660 2004 miseracione
684 1934 790 2003 liuius
815 1934 897 2002 tituli
922 1944 1036 2002 sende
1060 1931 1185 2002 cecilie
1209 1931 1384 2025 presbyter
1407 1957 1489 2001 car-

177 2031 313 2115 dinalis,
346 2030 529 2121 apostolice
564 2030 652 2098 selis
687 2028 815 2117 legatus
859 2039 890 2096 et
927 2030 1160 2097 conmissarins
1204 2026 1244 2096 ad
1280 2030 1489 2119 infrascripta

180 2125 220 2194 ab
245 2125 359 2193 eadem
393 2125 474 2192 sede
506 2124 694 2214 specisliter
718 2122 906 2214 deputatus,
937 2122 1056 2191 dilecto
1088 2127 1121 2191 in
1146 2121 1277 2191 Christo
1301 2122 1490 2191 llenriee

178 2219 219 2290 tle
254 2218 505 2289 Grienbeim
545 2218 775 2290 srebidiacoue
809 2218 953 2286 ecclesie
984 2216 1319 2305 bambergensis
1350 2216 1490 2285 salutm

177 2318 209 2385 iu
234 2315 376 2383 domino.

273 2408 353 2477 Cum
378 2428 441 2477 nos
465 2410 656 2476 auctoritate
682 2408 863 2498 apostolice
895 2428 956 2495 qus
981 2405 1144 2495 fungimur
1176 2408 1208 2474 in
1232 2405 1293 2475 bec
1317 2416 1410 2497 perte
1434 2407 1489 2475 di-

178 2503 295 2572 lectum
329 2505 360 2571 in
395 2501 525 2570 Christo
556 2501 786 2572 Albertum
820 2502 859 2570 de
891 2501 1147 2570 llolteulocb
1180 2500 1489 2590 herbipolensi

179 2598 323 2666 ecclesie
348 2600 380 2663 in
406 2600 593 2686 episcopum
621 2596 854 2686 prelecerirnus
879 2608 912 2663 et
938 2606 1125 2686 pastorem,
1150 2595 1207 2663 tibi
1232 2595 1346 2663 estleru
1371 2608 1491 2664 aueto-

181 2697 275 2761 ritste
300 2690 505 2775 mundemus,
531 2694 680 2781 quatinus
714 2695 959 2781 possessionem
985 2694 1087 2779 ipsius
1114 2689 1257 2757 ecclesie
1293 2710 1332 2755 sc
1356 2702 1489 2759 cestre-

180 2810 247 2855 rum
275 2797 307 2854 et
331 2786 481 2853 villarum
516 2797 549 2854 et
568 2789 686 2874 jurium
712 2790 837 2876 ipsius,
873 2807 935 2873 que
970 2784 1009 2851 de
1041 2782 1189 2853 mundato
1223 2794 1337 2852 nostro
1375 2786 1489 2854 eedem

180 2886 371 2950 auctoritate
397 2901 499 2970 nuper
533 2884 687 2970 recepisti
712 2891 745 2948 et
770 2885 914 2963 retines,
949 2879 1051 2947 eidem
1078 2878 1265 2946 Alberto
1296 2878 1405 2949 electo
1431 2902 1490 2948 seu

182 2982 252 3045 eius
278 2978 481 3067 procuratori
505 2975 557 3041 uel
584 2978 701 3043 nuncio
727 2976 860 3065 speciali
886 2973 1019 3043 liberem
1045 2984 1078 3042 et
1100 2973 1283 3063 expeditum
1309 2974 1440 3042 trudere
1459 2985 1492 3042 et

179 3075 350 3159 assignare
376 3089 543 3159 procures.

275 3194 389 3263 Datum
416 3191 732 3281 upudSecusium
760 3193 1030 3259 taurinensis
1057 3190 1210 3272 diocesis,
1236 3187 1310 3256 Xlll
1332 3187 1490 3260 kalendas

175 3289 259 3377 julij,
285 3285 487 3379 pontificatus
514 3286 634 3354 domini
661 3286 838 3354 Clementis
865 3307 946 3377 pepe
973 3283 1016 3352 Vl
1042 3306 1126 3353 anuo
1151 3304 1252 3352 noue.

380 3480 405 3532 ln
429 3479 580 3533 documento
600 3480 657 3547 ipro
679 3479 799 3548 scripturn
821 3486 873 3531 est:
897 3479 1040 3532 ilenrico
1062 3478 1094 3530 de
1116 3475 1336 3533 Greicrbein.

380 3655 546 3709 (luidonis
568 3657 710 3725 presbyteri
732 3657 866 3709 cardinalis
888 3657 996 3722 s'gillum
1019 3655 1097 3707 inscia
1118 3653 1194 3706 llutee
1209 3668 1241 3705 ex
1255 3652 1294 3706 bis
1316 3653 1407 3707 litteris
1428 3670 1492 3706 sus-

380 3754 484 3806 pensum
503 3744 549 3792 cst.
