3158 4732
201 515 271 583 506
738 513 944 584 Monumenta

203 707 363 771 uisionem
389 703 601 793 apostolicam
628 702 667 770 de
692 703 838 793 predicto
863 701 1049 770 Alberto
1076 702 1116 769 de
1139 701 1432 796 Hebemberg
1468 729 1531 776 ec-

203 799 305 866 clesie
342 797 665 888 herbipolensi
713 796 828 866 iactam
869 806 981 865 contra
1028 797 1165 865 sormam
1202 801 1460 870 reseruecionis
1498 810 1531 870 et

205 894 327 960 decreti
353 893 569 982 predictorum
602 892 641 959 de
666 891 752 960 iacto
786 902 977 981 attemptans
1011 892 1327 961 administracionem
1368 906 1531 982 gesserat

203 988 430 1078 supradictam,
455 987 629 1055 ecclesiam
654 986 1004 1078 herbipolensem
1030 986 1115 1056 bona
1141 997 1174 1054 et
1193 991 1261 1054 iure
1287 989 1444 1077 predicta
1463 1012 1528 1059 oc-

204 1093 378 1174 cupauerat
403 1093 435 1150 et
460 1083 658 1162 detinuerat,
684 1091 716 1149 et
741 1081 822 1151 alias
848 1081 1079 1170 promulgatis,
1104 1083 1131 1150 si
1159 1103 1236 1169 qrras
1270 1084 1529 1172 quomodolibet

202 1182 416 1261 incurrisset,
456 1181 488 1245 in
512 1176 616 1245 forma
651 1177 795 1245 ecclesie
826 1175 1045 1260 absoluimus,
1082 1187 1115 1245 et
1146 1197 1274 1244 omuem
1307 1177 1526 1249 inhabilitatis

203 1273 453 1359 irregularitatis
479 1281 512 1338 et
536 1273 666 1339 iniamie
690 1272 847 1344 maculam
874 1275 945 1338 siue
970 1281 1078 1339 notam
1104 1292 1163 1360 per
1189 1293 1260 1338 eum
1287 1271 1330 1340 ob
1357 1277 1526 1363 premissa

202 1368 257 1434 uel
279 1367 340 1433 alia
362 1387 561 1456 quacumque
585 1389 683 1434 causa
709 1377 906 1434 contractam
933 1365 1076 1433 totaliter
1101 1365 1313 1450 aboleuimus,
1340 1378 1375 1435 et
1391 1367 1526 1436 demum

204 1461 264 1529 sibi
292 1460 540 1549 subrogantibus
574 1464 698 1528 meritis
724 1461 764 1528 de
795 1482 936 1550 persona
962 1481 1019 1527 sua
1053 1460 1157 1527 eidem
1191 1460 1335 1528 ecclesie
1370 1460 1524 1531 berbi-

203 1555 378 1644 polensi
404 1566 479 1623 tunc
503 1577 562 1645 per
587 1553 800 1645 supradictum
827 1555 1077 1624 translacionem
1103 1558 1230 1621 uacanti
1255 1553 1339 1622 dicta
1375 1567 1523 1646 aposto-

202 1649 264 1716 lica
291 1653 481 1718 auctoritate
506 1651 717 1740 procidimus,
754 1671 892 1739 eumque
918 1649 964 1717 illi
989 1649 1184 1739 prefecimus
1209 1651 1240 1715 in
1267 1652 1464 1742 episcopum
1491 1661 1525 1720 et

225 1755 377 1811 estorem.

202 1765 220 1833 p
298 1838 376 1906 Cum
402 1846 520 1918 autem,
546 1839 629 1903 sicut
653 1835 766 1903 eadem
792 1840 909 1926 peticio
936 1835 1161 1924 subiungebat,
1178 1835 1286 1904 dilecti
1299 1840 1330 1905 in
1345 1837 1521 1909 domino..

204 1933 374 2023 capitulum
400 1934 501 2021 ipsius
526 1931 670 1998 ecclesie
694 1931 1042 2021 herbipolensis,
1067 1935 1117 2019 qui
1144 1930 1260 1998 dictum
1285 1931 1521 2003 Albertum

203 2039 278 2095 tunc
303 2030 501 2116 prepositum
527 2029 559 2093 in
585 2046 697 2093 eorum
724 2035 756 2093 et
782 2026 925 2093 eiusdem
952 2025 1096 2094 ecclesie
1122 2028 1308 2115 episcopum
1342 2025 1523 2115 elegerunt

203 2133 236 2188 et
260 2131 465 2211 receperunt,
492 2131 524 2188 et
548 2142 614 2188 non
639 2120 729 2188 nulle
754 2121 817 2187 alie
843 2142 985 2209 persone
1006 2131 1068 2186 tarn
1091 2121 1318 2187 ecclesiastice
1342 2141 1441 2210 quam
1459 2144 1522 2191 se-

204 2214 353 2299 culares,
378 2237 440 2303 que
467 2219 568 2281 eciam
595 2223 708 2280 contra
732 2214 868 2280 lormam
895 2216 1135 2282 reseruecionis
1161 2224 1195 2280 et
1219 2213 1341 2281 decreti
1368 2236 1408 2281 ae
1435 2237 1521 2305 pre-

202 2312 339 2376 uisionis
366 2309 516 2376 dedicio
543 2307 730 2373 Alberto
757 2308 796 2374 de
821 2306 1092 2397 Hebembarg
1117 2306 1220 2375 eidem
1247 2308 1393 2377 ecclesie
1418 2309 1521 2379 her·

203 2402 436 2492 bipolensi
462 2403 546 2468 lacte
571 2400 825 2489 apostolicorum
851 2403 1068 2492 predictorum
1095 2402 1239 2491 predicte
1263 2401 1453 2472 Alberto
1481 2406 1522 2474 de

203 2495 462 2566 llohenlocb
496 2496 689 2563 obedierunt
721 2508 753 2563 et
785 2497 953 2581 iuuerunt,
986 2506 1019 2564 et
1043 2496 1125 2564 alias
1151 2507 1263 2563 contra
1299 2507 1457 2566 contenta
1489 2503 1521 2568 in

204 2597 439 2660 reseruacione
464 2590 597 2657 decreto
624 2602 656 2656 et
682 2594 872 2678 prouisione
897 2591 1088 2678 apostolicis
1109 2602 1141 2657 et
1156 2591 1367 2679 processibus
1394 2613 1520 2682 supra-

204 2686 297 2754 dictis
324 2687 376 2754 uel
402 2688 474 2772 alijs
501 2685 694 2773 quibuslibet
719 2695 781 2751 tam
809 2685 990 2774 apostolica
1016 2706 1108 2773 quum
1135 2685 1297 2751 ordinaria
1322 2691 1520 2756 auctoritate

207 2792 319 2848 contra
346 2804 406 2848 eos
433 2780 505 2846 inde
540 2801 598 2846 seu
632 2800 744 2845 eorum
780 2783 956 2847 occasione
988 2780 1201 2867 quouismodo
1236 2784 1357 2847 secutis
1392 2781 1520 2851 directe

205 2877 258 2942 uel
284 2876 439 2942 indirecte
474 2875 621 2941 iecerunt
649 2883 681 2939 et
707 2884 883 2959 uenerunt,
917 2896 953 2943 se
979 2876 1340 2958 excommunicacionis,
1378 2877 1520 2965 capitula

204 2991 284 3036 uero
319 2969 461 3058 collegia
503 2980 535 3035 et
568 2980 747 3035 conuentus
782 2968 994 3036 ecclesiarum
1027 2979 1059 3035 et
1095 2971 1367 3036 monasteriorum
1401 2992 1518 3039 eorum

205 3068 428 3151 suspensionis
456 3075 489 3130 et
514 3066 594 3129 otios
621 3066 699 3131 iuris
726 3064 849 3129 etfacti
875 3066 1060 3131 sentencias
1087 3072 1182 3150 etque
1201 3085 1301 3152 penus
1323 3066 1519 3152 incurrisse,

205 3181 243 3224 uc
268 3163 338 3246 ipsa
364 3157 696 3246 herbipolensis
731 3168 763 3223 et
788 3157 853 3223 elie
879 3157 1022 3225 ecclesie
1048 3167 1080 3224 et
1112 3161 1309 3224 monasteria
1335 3161 1518 3249 ciuitasque

204 3251 541 3341 herbipolensis
575 3251 669 3340 opida
696 3260 801 3317 castre
828 3251 907 3317 ville
940 3261 972 3319 et
1006 3252 1080 3318 loca
1117 3273 1156 3317 ac
1191 3262 1278 3318 terre
1314 3256 1457 3321 ciuitatis
1485 3265 1518 3322 et

205 3348 346 3415 diocesis
381 3345 719 3434 herbipolensis
754 3345 982 3414 ecclesiastico
1015 3345 1184 3413 interdicto
1225 3344 1395 3414 subiacere
1427 3370 1517 3418 nos-

205 3453 328 3528 cuntur,
354 3452 385 3508 et
410 3463 493 3507 nunc
519 3442 690 3528 penitentis
716 3443 812 3505 animi
838 3439 923 3510 ducti
949 3441 1088 3507 consilio
1123 3439 1162 3506 ud
1187 3444 1341 3507 unitatem
1369 3442 1518 3511 ecclesie

203 3537 311 3603 redire
338 3538 475 3624 cupiant,
502 3544 648 3623 petentes
674 3534 836 3600 humiliter
872 3533 911 3599 ab
937 3534 1059 3603 eisdem
1087 3537 1178 3622 penis
1213 3545 1245 3600 et
1271 3539 1451 3622 sentencijs
1479 3560 1517 3606 se

205 3629 350 3713 absolui,
388 3631 530 3718 prelatus
564 3629 710 3697 dominus
737 3638 849 3695 noster
875 3651 954 3717 papa
980 3669 1023 3679 -
1052 3628 1321 3695 consideracione
1348 3629 1423 3697 dicti
1449 3632 1517 3698 do-

205 3728 280 3791 mini
307 3727 395 3812 regis
423 3747 520 3811 super
557 3723 618 3790 hoc
644 3727 744 3790 eciam
773 3745 829 3812 pro
857 3725 996 3811 capitulo
1029 3733 1061 3790 et
1088 3727 1237 3812 personis
1274 3723 1427 3813 predictis
1455 3726 1517 3794 sihi

204 3818 330 3887 dilectis
369 3820 529 3885 humiliter
568 3818 777 3907 supplicantis
813 3817 931 3885 volens
975 3818 1069 3885 saluti
1106 3827 1138 3884 et
1174 3821 1268 3886 statui
1313 3820 1444 3908 capituli
1486 3831 1518 3889 et

203 3934 416 4004 personarum
441 3913 622 3982 huiusmodi
655 3915 687 3980 iu
713 3912 773 3980 bae
797 3922 889 4003 parte
922 3912 1095 3982 salubriter
1119 3912 1314 4002 prouidere,
1349 3934 1388 3980 ae
1413 3934 1518 4003 agere
