3158 4732
680 558 888 629 Monumenta

329 748 477 817 omnibus
504 759 536 815 et
562 748 700 837 singulis
725 748 841 816 habitis
867 758 900 815 et
925 745 1093 833 habendis,
1119 749 1254 836 quesitis
1281 755 1315 815 et
1330 747 1437 836 inqui-

328 844 450 929 rendis,
471 844 675 934 presentibus
690 844 870 927 actamnis,
885 842 925 911 ad
938 845 1038 933 ipsam
1054 841 1228 912 ecclesiam
1245 839 1436 933 parrochia-

329 938 393 1005 lem
420 960 560 1028 suasque
585 937 702 1007 liliales
728 938 891 1007 ecclesias
917 958 976 1006 seu
995 936 1160 1028 cappellus
1179 946 1342 1028 pretactas
1358 957 1437 1026 per-

330 1033 502 1102 tinentibus
528 1056 567 1101 ac
592 1032 726 1121 dejure
752 1037 916 1124 pertinere
942 1031 1133 1100 debentibus
1160 1053 1289 1101 exnunc
1313 1032 1368 1100 uel
1385 1036 1437 1100 iu-

329 1139 424 1197 antca
448 1129 675 1218 quouismodo‚
702 1129 954 1218 quibuscumque
979 1131 1082 1194 eciam
1107 1126 1290 1196 nominibus
1309 1148 1437 1195 nuncu-

329 1234 456 1313 pentur,
470 1245 583 1292 mense
595 1223 774 1291 huiusmodi
790 1222 954 1291 ..abbatis
969 1232 1003 1290 ct
1018 1274 1026 1289 .
1044 1232 1246 1292 ‚conuentus
1262 1244 1438 1313 eorumque

329 1323 530 1387 monasterio
545 1317 702 1408 prelibato
720 1317 761 1386 ob
779 1317 876 1385 diuini
902 1317 1006 1385 cultus
1032 1327 1238 1406 augmentum
1256 1340 1296 1385 ac
1308 1319 1438 1385 cuncti-

329 1418 470 1503 potentis
497 1414 547 1480 dci
581 1421 749 1503 tociusque
776 1411 942 1501 Jerarcbie
974 1411 1108 1479 celestis
1145 1414 1370 1480 reuerenciam
1407 1423 1439 1479 et

332 1509 488 1575 honorem
505 1507 544 1576 de
556 1510 695 1576 consilio
712 1529 876 1577 consensu
893 1519 925 1574 et
939 1506 1185 1575 collaudacione
1202 1505 1437 1576 honorabilium

329 1607 474 1671 virorum
509 1655 516 1670 .
550 1654 557 1668 .
594 1607 750 1693 prepositi
783 1655 790 1670 .
828 1655 835 1669 .
871 1603 984 1669 decani
1012 1611 1044 1669 et
1069 1653 1076 1668 .
1103 1653 1111 1669 .
1139 1602 1269 1691 capituli
1294 1601 1437 1670 ecclesie

330 1709 443 1765 nostre
482 1697 831 1787 herbipolensis,
889 1696 1064 1786 prehabitis
1118 1699 1275 1786 siquidem
1314 1696 1437 1786 pluries

330 1792 557 1883 capitularibus
589 1792 788 1876 tractatibus,
824 1812 864 1858 ac
899 1795 1001 1859 eciam
1039 1794 1121 1878 juris
1157 1790 1437 1882 solempnitatibus

329 1886 444 1954 debitis
470 1909 509 1954 ac
534 1891 699 1954 consuetis
726 1885 872 1953 adhibitis
906 1907 1004 1977 super
1036 1907 1090 1970 eo,
1124 1907 1168 1953 cx
1199 1889 1370 1977 premissis
1405 1897 1438 1954 ct

331 1981 403 2050 aliis
439 1985 538 2051 certis
564 1984 656 2049 iustis
682 1992 714 2049 et
739 1979 989 2049 racionabilibus
1014 1984 1213 2068 necessarijs
1239 2004 1278 2048 ac
1303 1980 1435 2050 utilibus

330 2079 437 2144 causis
469 2097 531 2144 nos
563 2075 689 2166 quidem
724 2088 755 2144 et
783 2128 790 2143 .
818 2078 1048 2166 ,prepositum
1074 2124 1082 2141 .
1111 2125 1118 2141 .
1145 2075 1301 2143 decanum
1333 2087 1434 2144 et..

330 2170 501 2261 capitulum
535 2169 711 2260 prelibatus
746 2171 784 2238 ad
808 2169 872 2237 hoc
897 2175 958 2237 rite
983 2168 1187 2239 mouentibus
1220 2172 1379 2238 canonice
1398 2173 1436 2257 jn

329 2264 381 2332 dei
406 2269 537 2333 nomine
562 2264 773 2355 solempniter
798 2269 829 2332 in
856 2264 916 2332 hiis
943 2267 1073 2353 scriptis
1099 2269 1289 2333 auctoritate
1322 2275 1436 2334 nostra

330 2361 492 2428 ordinaria
518 2363 548 2428 in
575 2371 761 2450 perpetuum
788 2359 943 2428 donamus
969 2363 1211 2448 appropriamus
1233 2363 1436 2450 jncorpota-

330 2476 399 2522 unus
426 2458 624 2523 annectimus
651 2464 684 2522 et
708 2459 848 2537 unimus,
868 2458 916 2540 jta
941 2453 1095 2520 videlicet
1120 2454 1205 2543 quod
1231 2455 1367 2523 cedente
1384 2455 1438 2523 uel

331 2548 509 2618 decedente
536 2601 542 2615 .
569 2601 576 2615 .
603 2560 734 2618 rectore
771 2549 914 2638 predicte
951 2547 1163 2639 parrochialis
1201 2551 1345 2618 ecclesie
1384 2554 1438 2641 qui

329 2665 415 2712 nuuc
440 2656 490 2712 est
516 2646 612 2712 liccat
639 2697 645 2711 .
673 2697 680 2712 .
707 2644 812 2713 abbati
838 2655 870 2712 et
892 2695 928 2710 ..
956 2647 1129 2711 conuentui
1156 2649 1354 2730 memoratis,
1380 2668 1438 2737 per

331 2760 368 2806 se
393 2741 446 2808 uel
474 2749 716 2831 procuratorem
744 2761 833 2807 suum
851 2740 1055 2828 corporalem
1071 2744 1318 2829 possessionem
1336 2745 1437 2830 ipsius

331 2832 541 2923 parrochialis
582 2834 725 2902 ecclesie
759 2838 877 2922 jurium
924 2844 956 2901 et
995 2838 1264 2923 pertinenciarum
1307 2857 1436 2903 suarum

331 2936 521 2999 auctoritate
547 2933 676 3022 propria
702 2928 804 2997 libere
829 2928 1074 3019 apprehendere
1101 2951 1139 2995 ac
1164 2929 1252 2997 licite
1282 2934 1438 3012 retinere,

331 3045 457 3093 necnon
493 3024 634 3093 decimas
671 3025 793 3092 fructus
827 3025 969 3091 redditus
996 3034 1030 3092 et
1053 3033 1230 3113 prouentus
1255 3023 1438 3092 huiusmodi

330 3120 501 3208 parrochie
527 3125 556 3187 in
581 3123 681 3210 ipsius
708 3123 897 3187 monasterii
922 3139 1001 3187 vsus
1027 3124 1176 3208 proprios
1212 3119 1315 3186 libere
1350 3141 1437 3187 con-

331 3225 473 3300 uertere,
504 3219 626 3282 nostris
659 3215 784 3303 quideru
819 3235 877 3282 scu
912 3266 919 3281 .
947 3265 954 3279 .
988 3236 1217 3282 successorum
1250 3224 1437 3282 nostrorum

332 3362 339 3376 .
366 3362 373 3377 .
400 3313 627 3399 episcoporum
659 3307 1040 3397 herbipolensium
1076 3310 1130 3377 uel
1155 3305 1288 3376 alterius
1323 3313 1437 3376 cuius-

330 3425 465 3493 cumque
490 3426 629 3473 assensu
655 3425 693 3469 ac
717 3404 853 3470 licencia
886 3407 1016 3470 minime
1048 3408 1224 3493 requisitis,
1256 3408 1435 3471 reseruatie

330 3509 437 3567 tanuen
485 3499 525 3568 de
571 3496 724 3565 fructibus
784 3496 959 3564 redditibus
1005 3507 1037 3565 et
1083 3498 1291 3588 prodentibus
1333 3503 1437 3588 ipsius

331 3597 362 3661 in
402 3593 647 3662 Herielstat
683 3602 715 3658 et
748 3592 855 3682 oppidi
891 3591 1171 3679 Kirngshofen
1224 3595 1437 3682 parrochialis

331 3709 524 3777 suarumque
548 3687 689 3755 filialium
715 3686 927 3754 ecclesiarum
955 3709 993 3753 ac
1017 3688 1233 3776 cappellarurn
1267 3691 1435 3778 predictu-

331 3804 398 3850 ram
424 3835 432 3851 .
461 3835 468 3849 .
495 3783 641 3873 plebanis
669 3802 726 3847 seu
754 3833 761 3848 .
789 3833 796 3847 .
823 3785 955 3850 vicariis
980 3792 1137 3871 perpetuo
1164 3783 1240 3850 inibi
1268 3787 1437 3851 seruituris

332 3881 486 3965 congruis
522 3875 729 3968 porcionibus
767 3897 826 3943 seu
859 3874 1045 3966 prebendis,
1084 3898 1126 3943 ex
1161 3877 1274 3964 quibus
1312 3884 1439 3968 possint

332 3994 477 4061 congrue
516 3973 709 4056 sustentari,
744 3974 817 4059 jura
855 3969 1051 4062 episcopalia
1092 3981 1124 4038 et
1167 3971 1438 4042 archidiaconalia
