3158 4732
139 513 206 580 104
688 508 897 579 Monumenta

232 697 373 789 iusuper
411 701 579 768 statuimus
619 706 653 765 et
688 697 897 784 ordinamus,
935 709 972 768 vt
1011 697 1164 768 denarios
1207 696 1451 791 septimanuleS,

137 795 369 882 losungus,
394 804 427 862 et
453 793 633 862 officiorum
660 792 753 862 nohis
780 797 848 863 suis
863 794 1061 884 temporibus
1089 797 1261 861 ministrari
1287 802 1449 885 procuret.

139 887 175 957 Si
201 900 306 957 autem
319 888 381 958 hec
396 889 546 977 negliens
563 888 670 972 fuerit,
695 891 775 955 etin
791 909 832 956 eo
849 910 908 980 per
924 889 1164 978 quatuordecim
1181 888 1251 957 dies
1263 890 1452 978 persteterit

138 982 235 1051 adie
260 1005 320 1073 qua
356 988 446 1074 ipsos
485 983 636 1052 denarios
664 982 741 1050 dure
764 982 939 1069 debuerat,
971 987 1110 1051 monitus
1135 994 1171 1053 vt
1195 987 1303 1075 prius,
1335 1002 1450 1074 penam

138 1077 253 1147 subeat
278 1100 541 1170 preexpressam.

232 1174 316 1242 Jtem
350 1178 518 1242 statuimus
554 1182 588 1240 et
621 1172 826 1257 ordinamus,
867 1182 904 1240 vt
934 1172 1058 1261 denarij
1096 1176 1257 1252 maiores,
1297 1171 1452 1248 videlicet

138 1268 318 1358 quindecim
352 1269 448 1338 solidi
482 1272 517 1356 jn
543 1267 629 1336 lesio
666 1266 898 1357 penthecostes
924 1266 1016 1336 dandi
1054 1272 1106 1359 qui
1144 1267 1290 1335 dicuntur
1322 1264 1452 1334 haber

138 1363 377 1453 plenuinge
403 1373 436 1432 et
462 1360 702 1444 watschar,
728 1371 761 1429 et
786 1361 965 1450 quindecim
992 1363 1088 1431 solidi
1109 1366 1145 1452 Jn
1171 1362 1357 1454 epiphania,
1383 1362 1451 1427 suis

138 1456 317 1525 diuiduntur
343 1457 556 1547 temporibus.
606 1455 699 1539 Quod
725 1459 777 1523 si.
806 1461 1016 1547 prepositus
1042 1469 1117 1547 post
1142 1455 1306 1547 quodlibet
1330 1456 1449 1524 festum

138 1574 198 1643 per
220 1573 366 1620 mensem
391 1574 488 1621 vnum
515 1550 667 1638 negliens
692 1550 801 1636 luerit,
826 1555 965 1622 monitus
990 1563 1025 1620 ut
1051 1573 1159 1642 supra,
1193 1573 1308 1643 penam
1335 1549 1451 1619 subeat

139 1649 401 1738 suprascriptam.

234 1742 319 1808 Jtem
358 1743 526 1808 statuimus
561 1749 595 1806 et
628 1738 832 1825 ordinamus,
862 1750 900 1808 vt
929 1750 997 1809 tres
1033 1741 1129 1810 solidi
1163 1741 1367 1809 denariorum
1401 1742 1453 1828 qui

138 1835 289 1904 carnales
316 1834 679 1903 dicunturantelestum
707 1837 881 1903 natiuitatis
908 1834 1026 1924 dominj
1047 1836 1236 1904 diuiduntur.
1285 1834 1454 1921 Alioquin,

135 1933 171 2018 Jn
197 1933 340 1998 crastino
365 1932 623 2003 circumcisionis
649 1932 788 1998 monitus
814 1939 847 1997 ιιι
872 1951 988 2021 supra,
1024 1952 1139 2022 penam
1176 1931 1291 1999 subeat
1325 1950 1453 2019 praex-

160 2045 299 2094 rossam.

139 2046 158 2115 p
233 2118 317 2187 Jtem
334 2121 502 2189 statuimus
518 2127 551 2186 et
576 2115 773 2201 ordinamus,
798 2128 832 2185 ιιι
856 2117 896 2186 de
922 2121 1059 2209 quinque
1086 2120 1215 2188 muldris
1241 2121 1273 2186 in
1289 2116 1452 2187 messibus

139 2211 208 2280 dari
235 2217 401 2283 consuetis
427 2222 502 2280 ante
525 2211 642 2281 festum
667 2211 876 2299 idichahelis,
910 2224 943 2281 et
968 2212 1008 2283 de
1033 2224 1158 2304 septem
1184 2213 1315 2281 maldris
1347 2234 1453 2281 uuene

140 2317 215 2375 ante
241 2308 357 2376 festum
381 2308 522 2392 Martini,
548 2317 580 2374 et
604 2308 884 2395 quatuormaldris
905 2311 941 2396 J‘n
967 2307 1019 2376 die
1038 2310 1214 2400 palmarum
1241 2307 1353 2376 dandis
1379 2318 1454 2376 ante

140 2403 433 2492 quasimodogeniti
494 2400 632 2490 singulis
686 2406 853 2471 canonicis
914 2403 1103 2475 satisfaciat.
1176 2403 1332 2492 Alioquin
1379 2412 1454 2492 post

142 2497 315 2587 quemlibet
329 2501 539 2565 terminorum
555 2499 788 2587 premissorum
814 2500 954 2566 monitos
979 2507 1015 2566 vt
1029 2501 1222 2590 premissum
1248 2507 1311 2583 est,
1336 2518 1452 2588 penam

141 2589 256 2660 subeat
280 2601 501 2661 memoratam.

235 2688 319 2755 Jtem
347 2689 515 2756 statuimus
542 2695 574 2753 et
600 2684 796 2771 ordinamus,
836 2695 873 2754 vt
900 2690 997 2757 -si
1023 2740 1030 2756 .
1058 2740 1065 2755 .
1092 2690 1277 2779 prepositus
1303 2690 1451 2756 existens

139 2802 198 2872 pro
244 2791 390 2872 tempore
428 2802 488 2872 per
529 2780 663 2848 duorum
705 2783 862 2848 mensium
902 2785 1044 2872 spacium
1087 2793 1181 2850 extra
1224 2784 1386 2850 ciuitatem
1421 2792 1454 2850 et

143 2875 312 2966 dyocesim
349 2874 695 2966 herbipolensem
731 2898 769 2944 se
801 2875 973 2947 absentare
997 2877 1143 2946 voluerit
1178 2916 1223 2926 —
1256 2880 1345 2967 prius
1371 2876 1453 2946 duos

142 2971 260 3039 iratres
286 2971 325 3038 de
351 2970 491 3062 capitulo
516 2980 631 3039 nostro
656 2973 688 3038 in
713 2968 925 3040 fideiussores
959 2994 1018 3042 seu
1044 2971 1177 3041 obsides
1214 2974 1276 3062 ipsi
1313 2971 1453 3061 capitulo

144 3069 330 3151 constituat,
355 3070 407 3157 qui
432 3087 491 3157 per
512 3069 727 3154 juramentum
766 3087 864 3156 super
889 3066 949 3135 hec
973 3088 1032 3159 per
1070 3089 1130 3136 eos
1167 3065 1452 3158 corporaliter..

143 3161 284 3251 capitulo
308 3159 515 3250 prestandum
548 3159 587 3228 ad
609 3159 790 3229 iaciendum
827 3164 902 3229 vice
940 3173 972 3230 et
1003 3167 1135 3232 nomine
1159 3213 1168 3230 .
1195 3215 1203 3230 .
1232 3163 1388 3252 prepositi
1414 3183 1453 3228 ea

142 3277 203 3344 que
238 3258 269 3323 in
296 3259 463 3345 premissis
490 3255 619 3324 casibus
645 3257 726 3343 ipse,
763 3259 903 3325 monitus
929 3266 963 3324 ut
988 3261 1199 3347 premittitur,
1235 3257 1346 3324 lacere
1372 3276 1453 3346 per-

143 3350 301 3419 sonaliter
327 3349 497 3419 tenehatur
522 3371 560 3418 se
585 3369 689 3438 usque
714 3350 753 3416 ad
778 3353 879 3440 ipsius
907 3403 939 3418 ..
966 3355 1122 3442 prepositi
1149 3352 1188 3419 ad
1213 3354 1375 3420 ciuitatem
1400 3349 1454 3417 nel

144 3444 313 3536 dyocesim
338 3443 688 3535 herbipolensem
714 3443 849 3511 reditum
865 3449 1046 3533 astringere
1063 3468 1101 3514 ac
1116 3445 1265 3535 obligare
1281 3442 1452 3513 debebunt.

236 3541 320 3607 Jtem
346 3543 513 3608 statuimus
550 3539 702 3608 volumus
739 3548 772 3606 et
797 3539 1003 3627 ordinamus,
1039 3552 1073 3609 ut
1097 3545 1281 3632 prepositus
1318 3542 1370 3629 qui
1395 3561 1454 3629 pro

143 3644 290 3725 tempore
315 3634 411 3701 luerit
435 3632 533 3702 leode
557 3654 618 3724 que
644 3632 925 3725 prohstlehen
951 3635 1097 3703 dicuntur
1123 3639 1151 3704 si
1175 3657 1295 3705 vacare
1321 3638 1454 3703 eontin-

143 3733 251 3817 geriut
275 3750 340 3797 non
366 3730 439 3817 alijs
466 3751 558 3818 quam
585 3731 751 3798 canonicis
777 3733 899 3797 uostris
932 3731 1098 3815 conserat,
1134 3741 1166 3799 et
1199 3734 1227 3801 si
1263 3751 1323 3820 qua
1361 3741 1454 3797 extra

144 3824 318 3893 ecclesiam
343 3835 488 3892 nostram
516 3823 635 3892 collata
660 3833 734 3893 suut
759 3823 924 3893 reformet.
986 3825 1056 3894 Nec
1086 3829 1189 3897 eciam
1226 3826 1311 3897 dicta
1346 3825 1454 3909 seoda,

145 3917 217 3985 dum
243 3941 283 3987 ea
307 3940 428 3989 vacare
453 3921 662 4010 contingerit,
685 3919 770 3987 ultra
794 3941 892 3988 vnum
918 3941 1063 3992 mensem
1080 3960 1123 3972 —
1140 3944 1159 3989 a
1174 3922 1455 4011 temporenotioie
