3158 4732
159 501 228 568 478
709 498 917 567 Monumenta

158 690 287 757 leudam
311 686 508 770 habuerunt,
534 687 660 755 dilectis
687 690 717 754 in
743 686 872 754 Christo
901 739 908 752 .
935 738 941 752 .
972 685 1135 754 abbatisse
1161 697 1193 753 et
1221 738 1227 750 .
1256 738 1262 752 .
1299 694 1479 757 conuentui

160 807 198 850 ac
225 785 423 851 monasterio
451 782 739 850 sanctimonialium
766 786 796 849 in
817 780 1100 848 Frawenrode
1125 781 1249 849 ordinis
1263 787 1479 873 cystercien-

160 881 206 946 sis
232 877 316 945 dicte
332 877 486 967 dyocesis
513 898 571 966 pro
597 887 686 944 certa
712 897 834 943 summa
858 879 1014 964 peccunia
1038 874 1181 943 vendidit
1206 898 1245 943 ac
1272 880 1358 945 iusta
1386 900 1478 947 ven-

159 972 296 1040 dicionis
335 971 439 1062 tytulo
472 971 599 1039 tradidit
631 993 669 1038 aa
701 970 856 1038 tradendo
894 968 999 1038 debite
1025 973 1221 1058 assignauit,
1254 993 1384 1040 necnon
1412 984 1476 1040 tam

159 1077 305 1136 amentes
332 1087 423 1156 quam
450 1065 630 1133 vendentes
657 1065 837 1134 huiusmodi
862 1063 959 1132 nobis
985 1064 1146 1132 humiliter
1182 1065 1415 1156 supplicarunt,
1440 1079 1478 1135 vt

159 1161 339 1230 huiusmodi
366 1160 507 1229 decimas
534 1159 572 1226 ab
599 1181 700 1227 onere
727 1182 766 1229 aa
787 1164 861 1247 jure
885 1158 1005 1226 feudali
1031 1158 1225 1242 absoluere,
1250 1170 1283 1227 et
1308 1181 1366 1228 eas
1393 1183 1476 1251 pre·

159 1256 253 1323 dictis
282 1308 289 1323 .
316 1307 323 1322 .
350 1253 514 1323 abbatisse
540 1257 713 1322 conuentui
739 1276 778 1321 aa
804 1257 1003 1321 monasterio
1029 1257 1060 1322 in
1086 1254 1387 1323 Frawenroda
1413 1279 1477 1323 ca-

159 1354 278 1418 nonice
303 1353 512 1441 appropriare
536 1348 760 1416 fauorabiliter
785 1348 1004 1439 dignaremur,
1030 1358 1201 1439 propterea
1228 1369 1288 1417 nos
1314 1389 1362 1398 -
1388 1371 1477 1418 con-

160 1443 540 1513 siderantesnonmodici
567 1443 690 1511 latioris
717 1447 863 1515 existere
887 1441 970 1510 bona
996 1443 1222 1512 ecclesiastica
1237 1443 1277 1511 de
1303 1443 1477 1535 laycorum

158 1539 303 1608 manibus
343 1543 378 1626 jn
411 1538 524 1629 quibus
563 1538 647 1606 dicte
682 1537 807 1606 decime
840 1541 1016 1607 extiterunt
1048 1559 1106 1627 par
1141 1548 1287 1628 tempora
1319 1538 1477 1628 longiore

159 1638 287 1725 eripere
314 1642 346 1700 et
372 1633 410 1701 ad
435 1655 516 1702 usus
543 1633 839 1702 ecclesiasticarum
866 1654 1078 1723 personarum
1104 1653 1264 1701 reuocare
1299 1654 1359 1722 pro
1386 1634 1477 1703 cultu

158 1728 338 1818 ampliando
365 1728 539 1812 dominica,
564 1728 603 1794 ad
628 1730 820 1817 peticionem
848 1730 949 1795 eciam
978 1737 1010 1795 et
1027 1727 1067 1795 da
1092 1748 1256 1796 consensu
1274 1727 1478 1798 Heinrici

158 1832 190 1890 et
220 1822 448 1891 Hermanni
485 1825 635 1893 comitum
675 1822 890 1912 predictorum
1008 1821 1190 1891 huiusmodi
1227 1821 1369 1890 decimas
1407 1833 1475 1892 tam

158 1921 299 1984 maiores
325 1938 417 2006 quam
444 1919 580 1985 minutas
605 1938 675 1983 cum
702 1920 770 1985 suis
791 1917 918 2003 juribus
945 1926 978 1983 at
1001 1919 1212 2006 pertinenciis
1237 1915 1391 2006 predictis
1431 1919 1475 1986 ab

158 2015 244 2081 omni
272 2015 347 2098 jure
380 2022 412 2079 at
444 2032 546 2079 onere
578 2011 698 2079 leudali
733 2011 840 2080 debite
875 2009 1097 2093 absumendo,
1129 2010 1281 2099 predictis
1306 2010 1476 2080 abbatisse

159 2110 331 2173 concentui
371 2128 410 2173 aa
451 2109 671 2188 monasterio,
700 2108 804 2195 jpsius
846 2105 1003 2195 siquidem
1043 2108 1228 2193 monasteri]
1271 2109 1477 2174 necessitate

159 2211 300 2290 urgente
333 2221 372 2267 ac
397 2202 499 2268 eciam
526 2199 676 2266 euidente
708 2200 846 2266 utilitate
880 2199 1067 2282 suadente,
1098 2209 1230 2289 propter
1265 2198 1358 2266 deum
1393 2222 1476 2289 pure

159 2294 349 2384 simpliciter
362 2307 394 2361 et
410 2298 566 2361 canonice
588 2297 864 2385 appropriauimus
876 2297 1157 2383 jncorporauimus
1174 2316 1213 2361 ac
1235 2294 1476 2383 appropriando

159 2400 191 2457 et
211 2389 453 2479 incorporando
479 2393 511 2457 in
537 2399 723 2478 perpetuum
748 2392 778 2456 in
796 2389 855 2457 biis
882 2392 1011 2479 scriptis
1037 2390 1249 2478 solempniter
1270 2392 1475 2458 annectimus

158 2493 191 2550 at
214 2488 354 2551 unimus.

252 2618 291 2686 Jn
318 2621 407 2684 cuius
434 2619 482 2686 rei
507 2619 723 2685 testimonium
738 2627 924 2709 perpetuum
947 2627 1041 2707 atque
1055 2616 1152 2685 robur
1168 2618 1308 2707 sigillum
1324 2629 1476 2688 nostrum

157 2712 360 2802 presentibus
387 2723 437 2781 est
463 2734 649 2802 appensum.

250 2850 365 2916 Datum
392 2847 635 2937 llerbipali‚
661 2869 745 2914 anno
771 2849 889 2915 domini
916 2848 1088 2917 millesima
1114 2849 1345 2915 trecentesimo
1371 2853 1476 2936 quin-

157 2947 360 3031 quagesimo,
386 2941 468 3010 Vlll⁰
486 2943 560 3028 jdus
587 2943 786 3010 nouembris.

357 3177 434 3243 Cujus
455 3176 549 3228 mentio
579 3176 643 3227 iacta
666 3184 705 3228 est
726 3177 835 3243 sigillum
858 3178 935 3230 lascis
964 3178 1153 3230 membranacea
1183 3192 1215 3229 ex
1236 3175 1276 3228 bis
1297 3175 1390 3229 litteris
1412 3195 1479 3234 aas·

355 3273 460 3326 pensum
482 3264 528 3311 est.

355 3476 421 3539 Quas
443 3489 519 3541 supra
542 3473 589 3525 sub
612 3489 678 3528 num.
699 3474 791 3528 CLXIV
822 3492 879 3543 pag.
908 3474 1070 3527 tls-tat
1093 3474 1217 3526 edidimus
1238 3473 1344 3541 litteras,
1366 3476 1411 3529 dia
1438 3477 1478 3533 18

355 3573 452 3612 necnon
476 3556 517 3608 dia
539 3553 577 3609 20
601 3557 694 3607 mensis
716 3558 773 3623 maji
795 3558 929 3622 exhibitas,
953 3559 1001 3610 buc
1022 3558 1141 3610 conterre
1163 3555 1268 3624 poteris.
