3158 4732
728 508 938 580 hlonnmenta

780 791 906 863 clxv.

690 927 779 1005 1350,
800 927 848 988 dte
868 927 897 992 2.
915 927 999 1006 Junlt.

181 1077 340 1151 Albertus
366 1077 406 1148 de
429 1075 641 1165 Hohenloch‚
665 1076 790 1147 electus
815 1078 848 1146 in
873 1081 1062 1170 episcopum
1087 1076 1297 1149 confirmatus
1332 1075 1375 1148 de
1397 1079 1496 1167 facto,

180 1185 413 1269 procuratores
462 1177 670 1262 negotiomm
715 1175 937 1264 episcopatum
974 1171 1237 1266 herbipolensem
1282 1179 1494 1264 spectantium

276 1291 387 1341 coram
412 1266 561 1338 (luidone
584 1265 781 1361 presbytero
797 1267 951 1338 cardinali
978 1269 1197 1358 gerendorum
1223 1272 1402 1339 constituit.

275 1459 316 1530 Jn
340 1457 393 1529 dei
417 1460 551 1528 nomine
575 1479 680 1527 amen.

275 1552 481 1624 Albertus
506 1554 547 1623 de
570 1552 820 1623 llohenlocb
845 1555 1021 1624 canonicus
1045 1553 1191 1625 ecclesie
1214 1551 1496 1647 herbipolen-

181 1653 245 1723 sis
269 1661 387 1720 tenore
410 1646 504 1719 huius
530 1645 650 1739 publici
670 1652 877 1737 justrnmenti
902 1649 1198 1741 ..perceptoribus
1223 1653 1496 1738 recognoscimus

181 1755 216 1814 et
240 1744 450 1836 patefecimus
474 1746 652 1828 uniuersis,
676 1744 760 1835 quod
785 1744 996 1814 honorabiles
1022 1754 1056 1813 et
1078 1745 1241 1814 discretos
1265 1748 1359 1816 uiros
1384 1748 1495 1835 magi-

181 1850 271 1912 stros
303 1838 568 1932 hlychaelem
606 1837 647 1906 de
685 1838 826 1908 Leone
862 1840 1073 1909 scolasticum
1112 1838 1494 1928 Nouimonasterij

180 1931 805 2027 herbipolensie‚Waltherum
832 1933 873 2003 de
896 1933 1128 2003 Gamundia
1153 1936 1257 2004 sancti
1281 1934 1440 2005 Johannis
1463 1938 1495 2004 in

180 2030 325 2121 llange
350 2038 576 2098 extramuros
601 2025 1495 2121 herbipolenses‚etBerhtoldumdanlda

181 2130 285 2197 sancti
320 2122 473 2193 Jacobi
507 2120 850 2213 bambergensis
891 2124 1104 2192 ecclesiarum
1145 2126 1322 2195 canonicos
1360 2134 1494 2194 nostros

180 2242 280 2291 ueros
306 2228 340 2288 et
363 2218 529 2308 legitimos
553 2217 690 2287 lecimus
715 2240 754 2287 ac
778 2221 811 2286 in
835 2217 897 2286 hiis
923 2222 1054 2309 scriptis
1080 2222 1305 2289 constituimus
1329 2239 1494 2310 procura·

181 2323 275 2387 tores
299 2334 339 2383 ac
362 2315 493 2383 nuntios
519 2311 698 2405 speciales,
725 2322 759 2382 et
783 2311 958 2404 quemlibet
982 2334 1095 2383 eorum
1127 2313 1301 2384 insolidum
1328 2317 1378 2401 jta
1410 2313 1495 2405 quod

182 2411 342 2501 inceperit
366 2429 449 2478 unns
474 2428 588 2477 eornm
623 2407 706 2476 alius
730 2409 840 2477 ualeat
871 2412 1026 2499 prosequi
1051 2419 1085 2477 et
1114 2406 1220 2494 linire,
1244 2408 1432 2499 specialiter
1455 2408 1495 2478 ad

180 2503 353 2598 petendum
380 2500 543 2571 humiliter
568 2511 602 2570 et
626 2501 745 2571 deuote
768 2525 787 2571 a
812 2502 1091 2573 reuerendissimo
1115 2504 1149 2573 in
1175 2500 1304 2573 Christo
1340 2513 1434 2596 patre
1457 2524 1498 2572 ac

180 2601 311 2670 domino
338 2597 468 2666 domino
494 2595 691 2667 uuidere
717 2597 798 2665 tituli
823 2608 936 2668 sancte
961 2597 1085 2668 Cecilie
1119 2598 1303 2690 presbitero
1329 2599 1497 2685 cardinali,

181 2695 270 2767 sedis
296 2694 478 2784 apostolice
503 2693 634 2782 legato,
661 2695 877 2762 commissario
904 2692 942 2761 ab
968 2693 1081 2762 eadem
1114 2694 1194 2763 sede
1220 2693 1259 2763 ad
1289 2693 1496 2785 infrascripta

180 2790 368 2883 specialiter
393 2788 557 2879 deputato,
583 2810 645 2857 nos
670 2787 899 2857 Alhertum
925 2787 1051 2857 absolui
1075 2792 1165 2858 iuxta
1188 2789 1324 2857 lormam
1351 2788 1495 2858 ecclesie

180 2885 220 2955 ah
246 2886 575 2955 excommunicatione
600 2884 736 2973 aliisque
752 2886 845 2975 penis
862 2893 895 2953 et
910 2887 1081 2953 sententiis
1098 2906 1137 2952 ac
1151 2884 1365 2977 processibus
1383 2893 1495 2952 contra

179 3002 242 3051 nos
268 3002 328 3074 per
353 2983 455 3070 ipsam
482 2978 593 3048 sedem
610 2979 821 3069 apostolicam
839 3000 897 3049 sen
919 2999 1150 3069 quemcumque
1175 2980 1270 3047 alium
1296 2999 1496 3070 quacumque

181 3080 373 3146 auctoritate
398 3075 472 3144 latis
497 3075 592 3143 lactis
618 3072 734 3142 habitis
769 3083 802 3141 et
825 3074 1037 3164 promulgatis
1069 3077 1247 3144 occasione
1273 3076 1494 3164 occupationis

181 3182 214 3240 et
238 3171 524 3240 administrationis
551 3169 695 3240 ecclesie
719 3166 1061 3261 herbipolensis
1086 3169 1231 3260 predicte
1257 3191 1317 3239 seu
1343 3168 1406 3237 alia
1431 3190 1494 3238 oc-

180 3271 316 3337 casione
342 3286 400 3335 seu
427 3286 526 3335 causa
553 3285 763 3354 quacumque,
788 3284 981 3354 omnemque
1002 3263 1214 3351 inhabilitatis
1240 3274 1273 3335 et
1294 3264 1494 3352 jrregulari-

181 3365 255 3432 tatis
282 3384 322 3430 ac
343 3360 476 3449 jnlamie
502 3360 660 3429 maculam
687 3362 759 3427 siue
782 3369 890 3428 notam
916 3380 976 3450 per
999 3380 1061 3428 nos
1087 3358 1128 3428 ob
1152 3363 1314 3451 premissa
1335 3379 1374 3426 ao
1397 3363 1493 3428 etiam

180 3478 240 3549 pro
268 3478 309 3526 eo
336 3454 421 3546 quod
445 3475 507 3523 nos
532 3455 643 3546 plures
669 3453 843 3544 dignitates
870 3465 1064 3544 personatus
1091 3475 1150 3524 seu
1171 3456 1234 3524 alia
1250 3452 1406 3523 beneficia
1432 3476 1494 3523 ec-

181 3553 369 3621 clesiastica
406 3572 478 3619 cum
513 3572 589 3619 cura
625 3550 682 3618 vel
716 3553 788 3618 sine
820 3572 897 3618 cura
929 3550 1198 3640 jnconpassibilia
1233 3549 1329 3619 simul
1373 3548 1495 3641 absque

181 3647 426 3739 dispensatione
449 3645 593 3735 legitima
626 3648 816 3714 retinuimus
850 3656 882 3713 et
907 3645 1029 3714 tructus
1055 3667 1099 3714 ex
1122 3648 1172 3715 eis
1198 3647 1401 3737 percepimus
1436 3666 1494 3712 sen

182 3747 417 3834 premissorum
444 3744 621 3811 occasione
656 3750 854 3809 contractam
880 3740 1023 3809 totaliter
1049 3740 1195 3824 aboleri,
1214 3743 1368 3830 inpositis
1401 3739 1495 3807 nobis

181 3858 281 3930 super
303 3834 369 3905 boc
392 3839 569 3926 penitentia
594 3836 727 3907 salutari
743 3846 777 3904 et
799 3835 870 3904 aliis
896 3858 959 3926 que
984 3836 1024 3905 de
1045 3839 1121 3924 jure
1142 3836 1265 3915 luerint
1289 3833 1495 3921 iniungenda,

184 3943 218 4005 et
242 3932 281 4002 ad
302 3931 473 4023 jurandum
505 3932 547 4001 de
571 3930 686 4002 stando
719 3930 876 4001 mandatis
902 3930 1066 4019 ecclesie,
1102 3941 1135 4000 et
1165 3929 1338 4000 cuiuslibet
1361 3929 1494 4002 alterius
