3158 4732
161 502 230 572 350
709 497 917 568 blonumenta

161 713 240 762 suos
277 689 360 758 vltro
394 693 540 779 citroque
581 708 777 778 promouere
809 695 976 769 tenentur,
1011 683 1305 752 animaduertcutcs
1343 682 1469 774 quidem

161 786 338 854 doctrinam
366 785 506 876 apostoli
533 787 581 850 sic
606 783 762 851 dicentis:
798 781 880 848 alter
906 780 1039 850 alterius
1066 801 1167 848 onera
1192 787 1339 870 portate,
1364 787 1397 846 et
1422 781 1470 845 sic

160 878 363 971 adiuplebitis
400 880 509 969 legem
547 877 675 947 Christi.
727 874 943 960 Quamobrem
980 878 1102 960 eciam,
1149 877 1177 941 si
1216 926 1223 941 .
1252 925 1259 940 .
1298 869 1398 940 abbas
1439 875 1468 940 iu

160 977 286 1068 placitis
325 974 378 1042 uel
412 977 559 1062 negocijs
585 1026 593 1041 .
621 981 835 1041 ‚conuentus
862 968 1067 1059 judicialibus
1093 968 1146 1037 uel
1173 965 1469 1056 extrajudicialibus

160 1081 253 1139 extra
287 1072 446 1137 ciuitatem
480 1079 513 1136 et
544 1067 716 1136 marchiam
750 1064 1091 1157 herbipolcuscs
1125 1063 1269 1145 affuerit,
1303 1083 1348 1130 ex
1380 1072 1470 1152 parte

161 1219 168 1233 .
197 1219 203 1233 .
231 1174 410 1233 conuentus
435 1164 574 1254 desuper
598 1165 786 1252 requisitus,
812 1172 885 1231 tunc
910 1163 1064 1249 expensis
1090 1162 1191 1250 ipsius
1219 1211 1227 1225 .
1257 1209 1264 1225 .
1290 1165 1470 1224 conuentus

161 1259 266 1327 debite
293 1269 325 1327 et
349 1258 503 1328 decenter
527 1260 693 1349 procurari
720 1254 858 1324 debebit.
890 1256 1082 1324 Econuerso
1107 1275 1236 1344 quoque
1262 1303 1269 1320 .
1297 1304 1305 1318 .
1333 1255 1468 1342 prior..

160 1354 351 1422 cellerarius
378 1364 431 1421 aut
455 1353 537 1421 alter
565 1404 572 1419 .
600 1405 607 1418 .
634 1351 792 1420 officiatus
818 1372 877 1419 seu
903 1349 1126 1418 conuentualis
1153 1347 1283 1432 ibidem,
1306 1367 1391 1415 uuus
1417 1346 1470 1413 uel

162 1449 283 1540 plures,
309 1452 337 1518 si
364 1451 509 1538 requisiti
535 1469 615 1538 per.
636 1444 805 1514 ,abbatem
832 1445 871 1513 ad
896 1449 966 1515 eius
992 1445 1108 1536 placita
1133 1445 1187 1512 uel
1212 1445 1355 1531 negocia
1379 1450 1468 1509 trac·

161 1543 254 1612 tanda
279 1552 372 1612 extra
398 1542 528 1611 easdem
556 1544 715 1610 ciuitatem
743 1551 775 1609 ct
800 1540 971 1609 marchiam
998 1542 1127 1629 egressi
1151 1539 1283 1623 fuerint,
1309 1547 1385 1605 tuuc
1405 1557 1470 1604 cx-

161 1642 272 1729 pensis
299 1690 305 1705 .
334 1691 340 1704 .
367 1636 488 1706 abbatis
515 1637 665 1706 similiter
689 1639 857 1729 procurari
882 1633 1053 1705 debebunt.

262 1869 491 1957 [Tricesimum
518 1867 688 1957 capitulum
714 1865 754 1935 de
778 1866 930 1936 liberaria
956 1865 1166 1955 custodiaque
1192 1863 1375 1950 librorum]

255 2019 391 2088 Porro.
419 2069 426 2084 .
452 2020 541 2106 prior
567 2039 611 2085 ex
635 2027 727 2109 parte
753 2070 759 2084 .
787 2069 794 2084 .
822 2024 1015 2100 conuentus,
1041 2024 1073 2082 et
1097 2065 1105 2080 .
1133 2066 1140 2081 .
1166 2023 1279 2081 cantor
1311 2021 1471 2102 exparte

164 2165 170 2179 .
201 2166 207 2179 .
235 2110 376 2194 abbatis,
411 2110 526 2180 debent
551 2112 704 2180 decatero
731 2112 851 2180 babere
876 2132 933 2202 pre
959 2112 1079 2178 ceteris
1105 2107 1322 2178 confratribus
1350 2104 1469 2174 tanturn

161 2208 239 2275 duas
266 2206 378 2275 claues
404 2205 533 2273 duarum
567 2207 765 2275 diuersarum
792 2227 937 2275 serarum
964 2204 1116 2274 liberaris
1141 2202 1279 2285 ibidem,
1305 2211 1338 2270 et
1364 2223 1470 2269 aunu-

161 2324 309 2387 merare,
334 2322 373 2367 ac
398 2301 581 2369 annotando
609 2306 771 2392 inscriptis
794 2303 966 2390 inuentarij
993 2299 1033 2367 de
1059 2297 1183 2367 eisdem
1219 2296 1401 2386 triplicandi
1429 2336 1469 2345 -

163 2401 257 2466 vuius
284 2396 410 2465 scilicet
436 2396 644 2487 presentandi
672 2448 679 2463 .
707 2449 714 2467 .
740 2394 857 2481 abbati,
883 2405 915 2463 et
940 2393 1074 2463 secundi
1100 2391 1281 2483 deponendi
1308 2392 1346 2460 ad
1370 2392 1459 2481 sigil-

163 2493 228 2560 lum
264 2501 461 2574 conuentus,
488 2514 526 2559 ac
561 2495 652 2580 tercij
688 2490 768 2582 apud
802 2493 998 2580 semetipsos
1024 2486 1182 2557 retinendi
1207 2528 1253 2538 —
1279 2491 1471 2577 registrare,

161 2608 289 2656 necnon
315 2606 513 2654 conseruare
529 2587 744 2658 accustodire
770 2585 829 2655 sub
851 2587 1023 2675 juramenti
1052 2586 1257 2675 prestacione
1276 2584 1330 2650 uel
1355 2581 1469 2650 saltem

160 2681 372 2750 lideidacione
417 2680 455 2748 ad
489 2703 600 2748 manus
627 2733 634 2747 .
661 2733 668 2748 .
696 2681 816 2751 abbatis
850 2685 980 2750 nomine
1009 2682 1182 2768 juramenti
1217 2677 1322 2745 luenda
1357 2698 1471 2743 omncs

161 2777 263 2844 libros
290 2779 389 2866 ipsius
416 2779 604 2864 monasterij
642 2775 796 2843 hactenus
823 2776 1015 2844 obseruatus
1046 2775 1265 2861 decateroquc
1291 2771 1471 2839 seruandus

161 2875 193 2939 in
219 2871 370 2939 liberaria
397 2870 527 2957 eadem,
552 2893 681 2940 necnon
708 2893 750 2938 ex
777 2874 825 2938 eis
852 2871 997 2938 studiose
1023 2868 1211 2935 discernere
1245 2877 1277 2933 et
1301 2887 1471 2957 exponere

161 2966 262 3034 libros
289 2986 454 3053 congruos
481 2988 539 3055 pro
565 2967 628 3034 loci
651 2977 683 3035 et
705 2969 860 3056 temporis
887 2964 1039 3055 qualitate
1065 2961 1299 3050 adlegandum
1325 2965 1356 3030 iu
1383 2984 1470 3029 cou-

162 3071 258 3127 uentu
274 3071 306 3128 et.
324 3062 477 3151 precipue
497 3059 535 3127 ad
563 3082 704 3127 mensam
731 3071 763 3128 et
788 3061 1003 3128 collacionem
1030 3057 1277 3127 conuentualem
1303 3079 1341 3124 ac
1367 3060 1470 3124 eciam

161 3155 242 3223 alias
268 3154 307 3221 ad
332 3154 461 3222 fratrum
490 3154 626 3222 studium
664 3164 696 3221 et
730 3156 907 3243 proiectum
943 3165 979 3222 vt
1005 3164 1055 3223 est
1080 3153 1202 3220 ordinis
1237 3161 1332 3240 atque
1358 3155 1471 3233 moris,

161 3249 297 3318 eosdem
324 3270 450 3338 quoque
475 3249 576 3318 libros
604 3253 652 3318 sic
678 3253 848 3340 expositos
875 3258 907 3315 et
931 3270 987 3338 per
1013 3252 1102 3336 ipsos
1130 3297 1136 3311 .
1167 3297 1174 3312 .
1201 3248 1342 3334 priorem
1369 3257 1401 3313 et
1427 3297 1434 3312 .
1462 3298 1469 3312 .

163 3355 329 3413 cantorem
357 3347 466 3433 vtique
493 3344 715 3431 registrandos
750 3346 956 3434 inscriptis,
992 3364 1034 3409 ue
1059 3340 1213 3409 obliuioni
1250 3339 1413 3408 tradantur
1439 3352 1472 3408 et

161 3439 298 3507 forsitan
333 3439 569 3523 subducantur,
606 3439 689 3527 quod
721 3439 823 3524 absit,
859 3448 1011 3529 repetere
1048 3446 1193 3527 tempore
1226 3445 1405 3525 oportuno,
1439 3447 1471 3503 et

162 3555 325 3624 reponare
350 3534 388 3601 ad
405 3534 587 3601 liberariam
615 3532 763 3616 eandem,
790 3535 910 3601 nullum
936 3543 1041 3601 autem
1068 3536 1202 3600 istorum
1219 3531 1374 3598 librorum
1396 3534 1471 3597 cui-

163 3651 255 3718 quam
290 3649 432 3719 persone
458 3632 627 3717 presertim
662 3637 754 3696 extra
790 3632 1017 3695 monasterium
1051 3627 1105 3693 uel
1140 3626 1313 3713 collegium
1349 3625 1472 3714 absque

163 3735 251 3791 certa
277 3726 419 3791 sciencia
445 3733 477 3790 et
502 3724 707 3813 indulgencia
734 3723 869 3813 speciali
895 3776 902 3789 .
929 3775 936 3790 .
965 3721 1086 3789 abbatis
1112 3731 1176 3789 et.
1211 3774 1218 3787 .
1247 3720 1471 3789 conuenturalis

163 3820 292 3886 cadituli
319 3818 371 3886 uel
398 3819 513 3886 saltem
541 3871 547 3884 .
575 3871 582 3884 .
609 3821 726 3908 prioris
755 3872 761 3886 .
790 3871 796 3884 .
823 3817 1036 3886 officiatorum
1063 3827 1095 3884 et
1119 3869 1125 3883 .
1153 3868 1159 3881 .
1186 3819 1277 3882 trium
1305 3817 1470 3880 seniorum

164 3913 292 4000 ibidem,
316 3936 378 3985 nec
404 3915 507 3981 eciam
534 3923 609 3980 tuuc
633 3917 704 3982 sine
729 3913 877 4005 deposito
905 3913 1128 4002 plurivalcntis
1154 3910 1208 3977 uel
1234 3908 1348 3976 saltem
1375 3911 1471 3998 equi-
