3158 4732
154 510 222 580 522
708 507 915 578 Monumenta

156 705 257 769 eciam
284 701 364 769 alius
401 701 547 789 legitime
572 696 666 765 nobis
691 709 818 766 constat
851 740 897 748 -
930 711 1104 790 propterea
1145 699 1303 768 dictorum
1341 701 1479 792 suppli-

155 801 299 864 cancium
338 800 398 886 pijs
435 792 585 884 precibus
625 795 840 862 noninmerito
882 796 1044 880 inclinati,
1090 795 1296 862 dotaciooem
1334 795 1378 863 de
1414 818 1480 885 qua

155 892 329 981 predicitur
354 901 453 958 ratam
479 899 575 977 atque
600 898 724 975 gratam
751 899 900 956 tenentes
922 911 961 956 ac
983 894 1014 957 in
1043 889 1173 957 domino
1200 890 1479 975 conmendantes,

42 985 45 989 ’
158 989 331 1077 predictam
364 989 394 1052 in
421 982 632 1070 Stetberg
663 984 842 1072 cappellam
876 982 1007 1051 filialem
1043 1005 1114 1051 cum
1140 984 1375 1075 predescriptis
1413 1006 1480 1055 ca-

157 1082 242 1170 pella
269 1089 380 1148 sancte
407 1081 512 1144 crucis
539 1099 578 1144 ac
602 1077 690 1145 villis
709 1080 741 1144 in
760 1077 1068 1147 Kadolnholen
1094 1088 1127 1147 et
1149 1082 1182 1147 in
1206 1078 1414 1170 Byrhech
1440 1100 1481 1145 ac

158 1177 233 1244 locu
266 1179 296 1242 in
329 1172 606 1240 Vllcnholen
649 1175 781 1261 suisque
814 1172 964 1241 marchiis
999 1173 1147 1263 plebibus
1182 1174 1371 1263 jncolisque
1406 1172 1479 1241 ibi-

159 1271 229 1337 dem
256 1293 273 1335 a
301 1268 442 1357 predicta
468 1271 499 1334 in
527 1267 678 1357 Wpler
702 1267 894 1358 parrochiali
921 1268 1077 1351 ecclesia,
1104 1290 1161 1336 sua
1187 1272 1320 1336 matrice
1348 1268 1479 1336 hucus-

157 1387 229 1455 que,
256 1386 294 1430 ac
319 1362 467 1452 plebania
494 1362 608 1430 ibidem
635 1360 675 1427 de
701 1382 865 1428 consenso
892 1360 1082 1429 dilectorum
1111 1366 1141 1430 in
1169 1361 1297 1431 Christo
1324 1363 1479 1431 Vlrici

158 1460 270 1527 decani
297 1469 329 1524 et
354 1458 482 1547 capituli
510 1457 652 1522 ecclesie
684 1458 760 1522 noui
787 1455 918 1545 collegii
957 1460 987 1523 in
1015 1456 1165 1545 Spalte
1191 1454 1478 1548 eystetensis

159 1555 313 1635 diocesis,
340 1563 547 1642 patronorum
573 1572 611 1616 ac
636 1550 841 1634 collatorum,
867 1562 899 1619 et
924 1552 1039 1619 Petri
1074 1551 1203 1640 plebani
1229 1551 1377 1620 eiusdem
1406 1573 1473 1618 ec-

159 1649 262 1715 clesie
279 1646 490 1736 parrochialis
513 1649 544 1712 in
559 1645 703 1734 Wpler
724 1644 906 1734 seperando
924 1645 1164 1714 dimembrando
1181 1668 1220 1713 ac
1242 1645 1477 1734 distinguendo

157 1746 314 1810 canonice
340 1745 371 1808 in
397 1741 458 1826 hijs
485 1742 612 1827 scriptis
639 1760 681 1805 ex
707 1742 815 1808 causis
841 1743 995 1828 protactis
1021 1751 1054 1807 et
1079 1741 1152 1827 alijs
1179 1741 1332 1829 legitimis
1360 1752 1394 1809 et
1416 1763 1478 1808 ra-

158 1835 370 1904 cionabilibus
395 1857 456 1902 nos
483 1834 520 1900 ad
546 1833 608 1905 hoe
634 1833 835 1900 mouentibus
859 1836 893 1922 jn
920 1837 1050 1901 nomine
1076 1838 1175 1922 patris
1201 1845 1233 1902 et
1259 1833 1313 1922 filij
1341 1846 1374 1904 et
1401 1840 1478 1925 spi-

158 1935 238 1998 ritus
264 1933 367 1997 sancti
401 1950 548 1997 creamus
570 1930 768 2013 instituimus
809 1928 1004 1996 intitulamus
1030 1932 1267 1998 auctorizamus
1304 1950 1345 1996 ac
1369 1934 1478 1999 eciam

160 2024 385 2093 confirmamus
408 2028 444 2110 jn
470 2022 643 2090 ecclesiam
670 2021 906 2110 parrochialem
942 2044 1001 2089 seu
1027 2033 1169 2090 curatam
1202 2026 1274 2090 siue
1299 2022 1477 2092 habentem

160 2140 268 2187 curam
295 2123 468 2186 animarum
496 2115 651 2184 dictorum
675 2117 856 2203 Jncolarum
884 2118 1246 2207 annexamapredicta
1272 2121 1303 2184 in
1321 2118 1481 2209 Wyler

160 2211 354 2303 parrochiali
387 2211 529 2278 ecclesia
556 2215 689 2298 eiusque
717 2208 863 2299 plebania
890 2221 1047 2301 perpetuo
1064 2222 1096 2277 et
1118 2210 1387 2300 irrefragabiliter
1414 2235 1479 2281 se-

161 2316 304 2395 paratam
331 2310 521 2395 penitusque
547 2305 745 2388 distinctam,
780 2309 945 2394 perpetuis
971 2304 1096 2394 quidem
1131 2307 1330 2394 temporibus
1367 2307 1479 2376 diuina

160 2402 292 2469 fauente
318 2400 496 2467 clemencia
523 2398 716 2481 duraturam,
741 2398 894 2489 deinceps
910 2422 1026 2490 nempe
1040 2398 1162 2467 habere
1187 2398 1357 2468 debentem
1384 2402 1480 2492 ydo-

164 2517 258 2563 neum
286 2547 323 2562 ..
352 2492 554 2562 sacerdotem
581 2503 616 2559 vt
636 2492 805 2582 plebanum
831 2498 992 2583 proprium
1020 2517 1077 2584 pro
1104 2498 1263 2584 regimine
1286 2497 1480 2582 animarum,

165 2602 197 2658 et
223 2590 440 2679 baptisterium
468 2610 525 2676 pro
552 2587 769 2676 baptizandis,
795 2598 828 2655 et
854 2592 1054 2679 cymiterium
1089 2611 1147 2678 pro
1175 2589 1333 2658 defunctis
1371 2612 1479 2680 sepe-

163 2684 280 2752 liendis
307 2683 435 2750 ibidem.
485 2682 554 2751 Nec
580 2683 760 2748 huiusmodi
786 2694 936 2772 seperata
970 2684 1112 2751 ecclesia
1139 2683 1235 2752 debet
1261 2706 1297 2750 se
1331 2686 1480 2754 ecclesie

164 2778 355 2869 parrochiali
383 2781 413 2844 in
438 2778 584 2867 Wplcr
610 2777 753 2865 predicte
778 2780 810 2843 iu
837 2779 1050 2845 obseruancia
1073 2778 1281 2864 johibicionis
1308 2780 1481 2868 sepulture

164 2895 221 2941 seu
244 2872 408 2958 joterdicti
436 2873 652 2938 ecclesiastici
678 2872 920 2961 qualiscumque
947 2873 1100 2941 decetcro
1128 2872 1372 2962 quomodolibet
1388 2896 1479 2943 con-

162 2968 315 3034 formare.

258 3063 505 3148 Juspatronatus
533 3071 638 3126 autem
666 3083 704 3126 ac
729 3060 945 3127 collacionem
973 3061 1117 3128 eiusdem
1153 3072 1304 3151 seperate
1330 3063 1481 3132 ecclesie

164 3158 195 3222 in
223 3154 436 3242 Stetherg
462 3207 469 3220 .
496 3205 503 3220 .
533 3159 676 3244 patronis
714 3176 752 3220 ac
778 3153 989 3222 collatoribus
1016 3156 1160 3223 ecclesie
1193 3156 1408 3246 parrochialis
1448 3163 1481 3226 in

167 3249 316 3338 quer
350 3249 529 3337 dequibus
557 3251 729 3338 predicitur
764 3271 822 3338 pro
848 3259 995 3339 tempore
1029 3250 1243 3318 existentibus
1269 3251 1481 3340 presentibus

164 3344 271 3412 debite
297 3365 522 3426 reseruemus,
555 3347 600 3429 jta
635 3343 789 3410 videlicet
826 3345 911 3432 quod
944 3347 1039 3431 ijdem
1074 3349 1199 3434 patroni
1233 3345 1481 3415 aucellatores

165 3443 217 3528 qui
244 3459 301 3527 pro
328 3449 474 3527 tempore
500 3438 618 3504 luerint
650 3439 813 3528 ydoneum
848 3439 1003 3507 clericum
1037 3440 1240 3521 secularem,
1276 3450 1349 3506 actu
1375 3461 1480 3528 pres-

162 3533 310 3623 byterum
339 3537 545 3615 existentem3
572 3533 624 3599 uel
651 3535 764 3599 saltem
792 3532 873 3598 infra
900 3555 1015 3600 annum
1034 3556 1050 3600 a
1066 3544 1214 3623 tempore
1238 3532 1354 3622 adepte
1380 3540 1482 3623 paci-

164 3627 224 3694 hce
250 3632 471 3717 possessionis
499 3628 641 3694 eiusdem
669 3638 819 3716 seperate
846 3627 988 3694 ecclesie
1003 3628 1231 3695 numerandum
1249 3632 1359 3715 vtique
1375 3651 1482 3718 pres-

164 3721 388 3808 byterandum,
416 3721 559 3807 legitimo
585 3732 691 3789 tamen
717 3721 943 3809 impedimento
961 3733 1125 3799 cessante„
1142 3724 1295 3790 decetero
1311 3721 1351 3788 ad
1374 3728 1483 3812 ipsam

167 3818 198 3881 in
225 3815 433 3902 Stetberg
459 3826 640 3904 seperatam
667 3817 840 3882 ecclesiam
867 3820 1022 3904 quociens
1049 3823 1214 3883 vacauerit
1249 3839 1307 3905 pro
1336 3820 1495 3905 plebano·

167 3909 233 3978 loci
259 3908 496 3999 ..dyocesano
524 3910 605 3978 infra
626 3915 709 3998 juris
736 3922 859 3998 tempus
884 3922 1075 4000 presentare
1101 3911 1270 3978 debebunt.
1319 3912 1486 4004 Alioquin
