3158 4732
130 472 152 537 t
682 458 891 528 namra

130 655 305 748 presertim
330 656 417 720 eirea
441 651 528 719 festa
551 646 792 739 professionum
815 646 1213 738 pretectaeoferuencins
1236 656 1271 716 et
1284 647 1440 718 deuocius

133 774 173 819 ac
198 746 405 816 celebriusa
441 744 538 814 robis
568 748 771 811 conmuniter
802 752 1018 834 peragantur,
1056 741 1207 809 consulte
1242 752 1277 811 et
1306 743 1442 834 procide

133 844 320 915 ordinamus
353 839 558 933 presentibus
593 848 625 905 et
650 838 856 907 mandamus.
893 848 929 905 rt
953 839 1057 927 quiuis
1082 835 1158 903 dicti
1181 841 1373 927 monasterii
1399 890 1442 913 ..

134 941 320 1030 prepositus
341 942 378 1025 Jn
403 936 542 1024 singulis
558 933 714 1001 dictorum
730 938 872 1024 priorum
897 933 1055 1001 festorum
1080 930 1237 1000 bactentm
1260 931 1443 1021 buius-adj

133 1033 375 1125 professionum
410 1029 522 1097 diebus
555 1031 711 1118 pitancias
745 1049 805 1095 seu
837 1026 1089 1096 consolationes
1123 1029 1231 1094 victus
1266 1037 1345 1096 tunc
1375 1026 1445 1095 dari

133 1128 289 1195 hactenus
314 1125 438 1194 debitas
463 1134 496 1192 et
520 1131 709 1191 consuetas.
729 1126 766 1209 ju
789 1122 877 1191 festo
901 1143 985 1189 uero
1009 1123 1273 1189 annunciacionis
1296 1120 1444 1212 predicto

134 1221 309 1303 decetero,
345 1240 464 1308 nempe
500 1217 742 1308 professionum
766 1220 907 1284 omnium
930 1218 1131 1286 nouiciarum
1154 1225 1338 1284 vestrm
1362 1237 1444 1307 pra-

135 1319 280 1385 sencium
305 1323 338 1382 et
364 1314 551 1381 futurarum.
585 1311 664 1379 duas
688 1332 789 1380 ernas
813 1314 882 1378 riui
919 1308 1122 1379 franckenici
1159 1330 1199 1377 ac
1234 1313 1338 1378 eciam
1369 1320 1446 1379 tunc

136 1410 269 1479 simulas
295 1412 386 1497 panis
411 1405 502 1474 albas
516 1406 632 1474 solitas
646 1405 690 1474 ibi
714 1405 783 1473 dari
798 1426 863 1473 una
877 1426 951 1472 cum
965 1426 1033 1473 uno
1059 1405 1146 1472 bono
1170 1404 1297 1473 ferculo
1308 1408 1444 1496 piscium

136 1500 817 1685 ltltlz,littlzrilt'e‘lzsst'ltsl
831 1498 1446 1663 tltlztlmnlfttttlml

136 1692 255 1760 ibidem
279 1699 343 1759 tam
368 1689 612 1757 valitudinarios
640 1709 699 1757 sen
723 1689 906 1778 decrepitas
931 1712 969 1756 ac
984 1697 1174 1777 egrotantes
1198 1708 1257 1778 pre
1280 1686 1447 1758 debilitate

137 1785 265 1876 quidem
291 1787 441 1876 corporis
465 1783 696 1851 decumbentes
732 1782 774 1851 ab
798 1786 1035 1853 interessencia
1069 1782 1161 1851 ebori
1184 1792 1218 1851 et
1247 1782 1380 1874 capituli
1403 1804 1447 1853 cx

138 1882 289 1969 corporis
324 1882 523 1947 necessitate
558 1877 599 1944 de
619 1880 702 1964 juris
752 1880 947 1946 ermissione
983 1888 1154 1967 exemptas
1191 1898 1284 1967 quam
1320 1876 1446 1947 ualidae

139 1978 212 2045 siue
237 1994 347 2058 sanas,
372 1995 435 2062 que
457 1971 583 2062 quidem
609 1992 690 2039 sane
725 1900 889 2040 dumtaxat
925 1972 1041 2041 diuinis
1066 1973 1183 2059 officijs
1218 1975 1252 2040 in
1287 1970 1390 2040 cboro
1415 1975 1448 2041 in

137 2067 262 2137 eisdem
286 2067 381 2136 festis
405 2066 547 2155 legendo
572 2074 606 2133 et
629 2065 787 2135 cantando
824 2066 933 2135 debite
964 2076 997 2135 et
1020 2067 1153 2135 assidue
1183 2064 1304 2157 absum
1334 2065 1449 2136 frande

138 2182 199 2233 sen
222 2183 303 2229 vara
328 2162 476 2230 affuerint
499 2171 536 2230 vt
559 2169 726 2247 tenentur,
761 2164 854 2230 annis
887 2162 1027 2252 singulis
1058 2161 1174 2231 debeat
1205 2164 1316 2253 vtique
1347 2164 1448 2231 mini·

139 2266 256 2327 strare.

233 2350 390 2420 Preterea
425 2354 499 2442 quia
532 2349 627 2418 decet
650 2347 779 2417 domum
803 2351 923 2420 domini
948 2350 1152 2437 sanctitudo,
1186 2360 1220 2420 et
1242 2371 1285 2419 ne
1307 2352 1342 2418 in
1367 2371 1448 2441 agro

141 2444 302 2514 dominico
329 2465 445 2527 sacro,
479 2444 635 2513 videlicet
673 2443 788 2514 ordine
813 2448 916 2516 sancti
938 2445 1187 2529 Benedicti,
1221 2446 1395 2534 presertim
1417 2448 1451 2516 in

140 2542 340 2608 monasterio
364 2548 492 2622 restro,
516 2539 704 2608 indecorum
730 2540 849 2632 aliquid
864 2540 1011 2631 obrepat,
1036 2549 1089 2608 aut
1103 2542 1264 2608 viciosum
1281 2541 1449 2630 quicquam

141 2637 173 2703 in
199 2637 414 2723 perniciosam
440 2643 588 2721 segetem
614 2635 793 2722 coalescat,
816 2635 875 2705 sed
899 2644 936 2703 vt
959 2638 991 2704 iu
1005 2656 1047 2704 eo
1062 2637 1175 2725 pocius
1190 2632 1292 2704 floras
1314 2634 1449 2707 honoris

141 2737 175 2796 et
198 2729 378 2796 honestatis
392 2726 515 2794 fructus
541 2731 572 2796 in
588 2727 737 2798 ubertate
762 2740 984 2813 succrescant,
1009 2740 1043 2797 et
1056 2740 1090 2797 nt
1104 2750 1168 2798 vos
1182 2728 1302 2797 ctristi
1326 2750 1450 2818 sponse

141 2844 207 2891 non
232 2821 337 2890 solum
363 2824 463 2911 ipsam
487 2820 634 2909 regulam
670 2827 741 2891 sitis
765 2825 917 2914 professe
943 2846 986 2892 ex
1009 2832 1110 2909 voto,
1147 2822 1208 2893 sed
1241 2826 1343 2891 eciam
1379 2828 1450 2895 eius

142 2918 332 2984 imitatrices
357 2914 509 3004 exemplo
536 2925 668 3006 propter
693 2916 939 2987 obseruanciam
963 2918 1125 3007 regularis
1152 2918 1323 3008 discipline
1347 2920 1450 3008 ipsine

143 3013 245 3078 sancti
268 3008 500 3078 Benedicti
526 3010 649 3079 ordinis
675 3013 708 3080 in
731 3021 868 3102 vtraquc
887 3016 954 3081 vita
977 3011 1126 3081 benedici
1150 3015 1271 3080 vtinam
1296 3012 1450 3101 valeatis,

143 3102 354 3171 obsecramus
379 3107 592 3192 perviscera
616 3106 840 3175 misericordie
864 3106 916 3175 dci
939 3110 1056 3193 nostri,
1081 3129 1120 3176 ac
1144 3128 1202 3197 per
1225 3110 1450 3198 aspersionem

144 3200 193 3267 sui
219 3199 361 3288 preciosi
385 3200 553 3285 sanguinis
567 3197 798 3287 obstestamor,
822 3210 978 3291 quatenus
992 3223 1055 3272 vos
1077 3202 1307 3271 uniuersaliter
1322 3203 1451 3293 singule

144 3313 183 3359 ac
208 3292 417 3380 singulariter
441 3294 596 3361 uniuerso
620 3294 792 3382 prouidere
808 3296 1000 3384 diligencius
1026 3297 1193 3379 studeatis,
1217 3318 1260 3364 na
1277 3300 1450 3387 presertim

145 3407 203 3475 per
226 3394 442 3476 contemptum
475 3385 666 3456 obediencia
703 3390 865 3478 regularis
902 3401 956 3459 aut
995 3413 1053 3483 per
1088 3390 1220 3459 abosum
1256 3391 1380 3460 desidia
1415 3394 1449 3459 in

146 3477 262 3549 diuinis
288 3482 321 3547 in
358 3488 472 3549 vestro
508 3490 621 3553 sancto
653 3483 791 3552 cenobio
827 3487 994 3575 quicquam
1028 3488 1209 3575 reperiatur
1240 3490 1450 3573 incongruum

145 3572 231 3663 quod
266 3573 420 3643 maculam
446 3585 545 3664 ponat
569 3579 601 3643 in
635 3577 798 3664 regularis
833 3579 940 3668 gloria
975 3581 1155 3649 honestatis
1195 3589 1227 3648 ct
1260 3579 1450 3648 dominicam

145 3671 249 3760 possit
284 3670 500 3737 noninmerito
535 3667 700 3737 offendere
733 3676 955 3760 maiestatem,
1002 3673 1060 3743 scd
1085 3695 1220 3764 prorsus
1254 3682 1290 3740 vt
1325 3672 1449 3745 celibes

147 3764 290 3833 caucalis
329 3762 472 3831 solerter
507 3783 549 3831 ne
586 3762 712 3831 domum
744 3763 863 3835 domini
899 3808 946 3817 —
982 3768 1110 3836 scilicet
1143 3776 1287 3835 vestrum
1321 3765 1451 3838 beatum

148 3856 319 3929 cenobium
354 3878 413 3928 eeu
449 3868 643 3927 conuentum
680 3898 722 3908 —
760 3863 792 3928 in
828 3862 932 3951 capite
957 3862 1013 3930 vel
1038 3866 1071 3930 in
1107 3858 1247 3928 menbris
1283 3861 1452 3935 laudabilis
