3158 4732
156 556 224 626 318
696 503 904 626 blonumenta

156 747 393 835 contempnitur
430 741 683 834 gubernaculum
725 743 895 836 discipline
937 754 1040 815 restat
1085 755 1117 813 ut
1153 744 1272 835 religio
1313 745 1473 816 naufrau-

154 852 259 932 getur.

250 937 406 1006 Preterea
431 933 580 1004 monachi
612 934 651 1004 ab
677 933 799 1004 abbatis
833 934 1024 1005 obediencia
1050 957 1108 1006 seu
1134 938 1341 1006 correctione
1367 935 1473 1007 debita

155 1031 320 1125 appellare
334 1028 545 1121 probibentur
559 1053 575 1099 a
586 1034 671 1120 jure.
697 1029 931 1100 Nichilominus
946 1053 1075 1122 quoque
1088 1035 1149 1117 eis,
1169 1052 1211 1101 ne
1222 1031 1252 1099 id
1267 1031 1399 1118 iaciant,
1412 1032 1472 1102 sub

155 1150 237 1220 pena
258 1130 382 1196 maiore
397 1148 455 1196 seu
482 1126 576 1219 culpe
592 1131 754 1216 grauioris
781 1128 813 1194 in
837 1125 899 1214 hijs
924 1129 1054 1217 scriptis
1081 1126 1255 1196 districtius
1281 1126 1471 1203 inhibemus.

250 1221 365 1292 Nullus
401 1242 529 1312 quoque
568 1223 796 1291 monachorum
830 1225 932 1290 eciam
965 1221 1177 1290 officiatorum
1212 1244 1282 1291 cum
1319 1245 1380 1293 suo
1418 1276 1424 1291 .
1464 1278 1471 1293 .

158 1317 272 1387 abbate
313 1317 365 1385 uel
402 1320 513 1408 priore
545 1328 600 1386 aut
632 1317 839 1387 conuentuali
876 1316 1040 1386 confratre
1076 1320 1148 1386 siue
1173 1320 1254 1386 intra
1281 1320 1352 1388 siue
1378 1329 1472 1388 extra

158 1415 390 1483 monasterium
416 1423 568 1504 proterue
584 1414 784 1483 contendere
799 1435 857 1482 seu
872 1423 996 1482 temere
1021 1413 1187 1500 altercari„
1212 1412 1264 1481 uel
1278 1466 1285 1481 .
1300 1465 1307 1481 .
1323 1412 1470 1483 abbatem

157 1563 163 1578 .
196 1511 373 1600 ,priorem
402 1530 460 1578 seu
489 1530 677 1600 quemquam
704 1530 835 1579 suorum
864 1561 871 1576 .
906 1561 912 1576 .
946 1508 1142 1577 confratrum
1182 1518 1294 1578 contra
1324 1512 1376 1600 jus
1412 1533 1472 1579 eeu

157 1603 280 1672 ordinis
297 1605 444 1694 regulam
460 1605 628 1691 infamare,
645 1626 703 1674 seu
719 1607 852 1674 iniurias
868 1625 1028 1673 excessus
1046 1607 1117 1674 siue
1143 1603 1289 1674 defectus
1315 1603 1472 1695 brigosos

154 1700 349 1792 personales
376 1703 447 1770 siue
473 1702 616 1790 priuatos
643 1703 715 1770 siue
741 1720 919 1770 conmunes
945 1710 1056 1768 contra
1083 1752 1091 1768 .
1130 1751 1137 1767 .
1165 1699 1312 1768 abbatem
1339 1723 1399 1770 seu
1427 1755 1434 1770 .
1464 1755 1472 1772 .

153 1799 294 1887 priorem
322 1795 375 1863 uel
391 1847 398 1862 .
415 1846 421 1862 .
436 1795 632 1866 confratrem
645 1817 876 1886 quemcumque
890 1793 929 1863 ad
943 1816 1161 1886 quascumque
1179 1795 1363 1865 forinsecas
1388 1818 1471 1888 per·

154 1913 256 1962 sonas
282 1888 319 1957 ad
346 1911 426 1980 quas
451 1889 550 1958 nichil
575 1891 614 1959 dc
639 1889 700 1979 hijs
727 1893 846 1981 quein
872 1894 1072 1961 monasterio
1099 1899 1173 1961 sunt
1198 1889 1374 1981 queruloso
1400 1895 1472 1962 siue

155 1986 236 2055 alias
262 1995 375 2054 contra
398 1988 452 2074 jus
478 2008 536 2055 seu
563 1985 686 2055 ordinis
711 1989 853 2055 instituta
879 1984 1021 2077 pandere
1047 2008 1104 2055 seu
1132 1986 1261 2054 deferre
1286 1996 1469 2077 presumat:

156 2081 297 2170 alioquin
324 2083 355 2149 in
381 2084 550 2173 premissis
572 2081 750 2166 excedens,
777 2084 804 2152 ei
822 2090 855 2149 et
875 2089 1042 2171 postquam
1058 2079 1290 2169 dehuiusmodj
1308 2104 1470 2154 excessus

152 2178 293 2246 veritate
310 2179 493 2247 constiterit
508 2185 541 2243 ut
561 2186 611 2246 est
628 2175 749 2246 ordinis
777 2186 872 2267 atque
893 2180 975 2267 juris
991 2175 1121 2264 ibidem,
1145 2175 1288 2265 regulari
1306 2175 1473 2247 subiaceat

151 2271 230 2341 disci
254 2272 332 2340 line.

233 2295 362 2436 pNullus
390 2386 517 2456 quoque
542 2367 719 2437 monachus
751 2365 810 2437 sub
837 2387 919 2458 pena
944 2369 1125 2436 monastice
1152 2366 1322 2458 discipline
1346 2364 1470 2456 ubsque

154 2461 330 2531 ..abbatis
357 2462 410 2529 uel
436 2513 469 2529 ..
495 2465 615 2553 prioris
640 2473 694 2531 aut
718 2465 765 2530 eis
792 2460 978 2532 absentibus
1004 2514 1012 2531 .
1036 2515 1044 2531 .
1070 2464 1212 2532 senioris
1239 2461 1279 2529 de
1305 2471 1469 2531 conuentu

152 2569 226 2626 tunc
251 2559 414 2646 presentis
441 2558 579 2627 licencia
605 2568 699 2626 antea
726 2561 896 2649 inpetrata,
920 2559 1074 2628 videlicet
1099 2580 1142 2628 ex
1166 2559 1468 2627 cansancccssaria

156 2675 214 2723 seu
241 2652 391 2738 honesta,
416 2657 605 2743 monasterij
632 2655 751 2723 limites
775 2654 888 2745 egredi
913 2655 983 2723 vllo
1009 2653 1107 2723 modo
1133 2663 1307 2744 presumat.

245 2749 401 2817 Preterea
427 2802 435 2817 .
463 2802 469 2816 .
497 2748 642 2818 abbatem
679 2754 749 2819 siue
782 2750 920 2841 peditem
955 2753 1025 2818 siue
1052 2752 1189 2841 equitem
1216 2749 1320 2817 dictos
1346 2748 1467 2817 limites

155 2852 328 2912 exeuntem
362 2843 520 2913 condecet
554 2849 603 2914 sui
638 2846 677 2914 de
714 2845 827 2916 ordine
853 2846 1033 2937 cappellani
1066 2846 1210 2936 sequela.
1259 2843 1395 2913 Necnon
1424 2897 1431 2911 .
1461 2897 1467 2911 .

154 2943 295 3031 priorem
321 2960 360 3007 ac
385 2943 487 3008 eciam
514 2941 689 3030 quemlibet
722 2942 762 3010 de
797 2952 959 3013 conuentu
985 2941 1222 3030 similiterque
1249 2938 1288 3007 ad
1312 2938 1375 3008 hoc
1401 2962 1468 3008 ex·

154 3037 315 3104 trinsecus
341 3037 512 3125 presertim
540 3058 649 3105 coram
675 3037 766 3105 clero
793 3047 826 3104 et
850 3038 969 3128 populo
996 3039 1097 3106 eciam
1124 3035 1313 3105 condecet.
1346 3087 1352 3101 .
1379 3057 1468 3104 con·

154 3128 301 3197 monachi
329 3134 489 3199 comitiua.
540 3136 589 3200 Vc
615 3154 751 3222 namque
778 3132 861 3217 soli,
896 3136 968 3223 quia
995 3131 1219 3202 subleuantem
1246 3171 1291 3180 —-
1318 3132 1345 3199 si
1372 3134 1466 3199 ceci-

152 3223 235 3293 derit
261 3265 303 3273 —
331 3248 396 3295 non
421 3224 559 3295 habebit.

246 3320 383 3389 Demmn
409 3324 471 3412 ipsi
498 3343 612 3391 omnes
638 3332 830 3411 agnoscant
862 3325 910 3390 cis
937 3321 1062 3412 quidem
1091 3342 1218 3391 omnem
1253 3319 1467 3390 inordinatum

153 3436 211 3483 seu
238 3420 431 3505 exquisitum
459 3429 605 3486 ornatum
631 3428 685 3486 aut
710 3419 827 3486 cultum
855 3441 893 3485 ac
919 3421 1064 3509 quemuis
1090 3417 1265 3486 notabilem
1292 3439 1467 3485 excessum

156 3515 186 3578 in
214 3511 360 3580 vestibus
395 3516 483 3597 suis,
522 3535 584 3602 que
616 3535 677 3583 nec
701 3512 902 3602 longitudine
938 3536 1001 3581 nec
1033 3513 1191 3581 breuitate
1229 3515 1325 3579 nimia
1362 3516 1467 3581 notari

153 3605 282 3689 debent,
309 3618 340 3673 et
366 3607 485 3676 babere
512 3607 621 3698 largas
642 3614 783 3677 manicas
808 3630 911 3697 usque
937 3609 976 3676 ad
1002 3630 1163 3698 pungnam
1189 3618 1376 3698 protensas,
1401 3630 1466 3676 non

156 3702 281 3792 quidem
318 3705 515 3771 consuticias
550 3705 601 3772 uel
640 3702 883 3794 quomodolibet
920 3703 1112 3786 botonatas3
1153 3725 1279 3771 necnon
1316 3707 1346 3770 in
1387 3703 1467 3773 cibis

155 3797 281 3885 potibus
309 3801 496 3886 equitaturis
522 3810 554 3868 et
579 3800 788 3889 lectisternijs
827 3799 964 3889 ulijsque
990 3797 1183 3867 utensilibus
1222 3820 1358 3889 prorsus
1394 3798 1467 3866 fore

155 3893 356 3961 interdictum
383 3915 399 3959 a
421 3897 505 3981 jure.
565 3896 672 3980 erare
712 3893 911 3964 excedentes
951 3898 981 3962 in
1020 3896 1189 3984 premissis
1231 3894 1285 3961 uel
1320 3893 1393 3981 alijs
1429 3894 1476 3963 ab.

153 3985 215 4074 hijs
242 3986 347 4057 debite
374 3988 579 4059 refrenentur
603 4013 641 4059 ac
667 3992 769 4059 eciam
796 3993 1002 4080 corrigantur
1034 4000 1069 4058 ut
1092 3989 1215 4058 ordinis
1242 3998 1293 4058 est
1317 3998 1350 4056 et
1369 3990 1468 4076 juris
