3158 4732
136 503 207 569 530
686 500 894 569 hlonnmeuta

139 691 249 779 berg
272 700 307 758 vt
333 700 409 757 tunc
434 687 752 777 herbipolensi
786 688 894 755 electo
920 697 1032 755 contra
1059 687 1281 756 venerabilem
1318 690 1458 759 iratrem

139 798 282 852 nostrum
310 785 471 855 dominum
497 782 727 852 hibertum
753 783 793 849 de
817 782 1079 851 Hohenloch
1105 794 1181 851 tunc
1205 784 1333 872 quidem
1361 808 1457 854 non-

138 880 209 947 dum
236 880 294 947 sed
320 880 416 947 modo
443 879 565 969 pridem
591 877 696 945 diuina
734 888 766 945 et
791 881 891 967 ipsius
917 877 1222 967 sedisappostolice
1239 880 1457 967 prouidenciu

137 979 168 1042 in
195 979 381 1065 episcopum
407 971 772 1060 herbipolensem
797 972 974 1062 prefectum
992 969 1116 1062 sibiqde
1129 1026 1136 1039 .
1151 1027 1158 1041 .
1174 973 1324 1040 fauentes
1340 985 1373 1042 et
1390 976 1458 1041 ad-

137 1069 290 1137 herentes
316 1080 390 1136 tunc
416 1069 489 1134 latis
507 1089 545 1132 ac
559 1071 660 1133 eciam
688 1068 913 1157 promulgatis„
938 1071 1129 1134 auctoritate
1145 1066 1269 1157 quidem
1286 1079 1457 1158 apposio-

137 1165 199 1230 lica
225 1162 320 1231 nobis
358 1166 388 1230 iu
423 1161 483 1229 hac
515 1171 605 1252 parte
631 1165 814 1245 conmissa,
847 1165 992 1249 iniuncta
1029 1161 1090 1229 sibi
1126 1183 1185 1252 pro
1221 1162 1316 1229 modo
1357 1164 1458 1254 culpe

137 1262 319 1348 penitencia
342 1257 485 1334 salutari,
505 1260 541 1343 ju
567 1255 618 1323 dei
644 1260 775 1323 nomine
796 1260 831 1342 ju
856 1257 960 1323 forma
986 1256 1327 1325 ecclesie*seruato
1346 1262 1455 1326 eciam

139 1375 199 1443 per
224 1357 329 1419 omnia
355 1363 471 1419 tenore
507 1353 740 1425 ‚conmissionis
777 1350 981 1439 appostolice
1008 1350 1148 1441 desuper
1172 1349 1265 1418 uobis
1292 1351 1380 1420 lacte
1416 1395 1457 1403 -

136 1454 198 1513 rite
219 1447 431 1528 ubsoluimus
448 1469 485 1512 uc
498 1444 742 1512 absolucionem
766 1443 947 1511 huiusmodi
972 1443 1176 1533 presentibus
1192 1445 1456 1535 promulgamus,

138 1564 177 1608 uc
209 1546 311 1608 eciam
340 1540 512 1628 jnterdictu
550 1540 664 1629 quibus
700 1540 843 1606 ecclesia
870 1542 983 1605 ciuitas
1019 1538 1133 1628 oppida
1170 1548 1275 1606 castra
1310 1541 1395 1608 ville
1423 1552 1459 1609 et

137 1635 209 1702 locu
224 1636 287 1701 alia
313 1657 351 1701 ac
375 1645 464 1702 terro
490 1638 633 1723 ipsorum
659 1656 697 1701 ac
722 1637 878 1724 episcopij
905 1633 1168 1724 herbipolen
1183 1636 1242 1701 sis
1269 1633 1456 1717 subiacent,

140 1741 173 1796 et
198 1750 413 1818 quascumque
440 1749 539 1818 penus
573 1727 654 1794 alias
687 1730 874 1814 spirituales
902 1739 935 1795 et
971 1729 1168 1818 temporales
1201 1728 1393 1796 relaxamus
1423 1743 1457 1798 et

137 1828 329 1891 remittimus
348 1827 379 1889 in
402 1822 463 1889 hiis
486 1824 624 1910 scriptis.

231 2013 387 2079 Preterea
419 2034 489 2079 cum
527 2011 656 2079 clericis
689 2012 769 2102 ipsis
796 2031 893 2098 super
914 2009 1159 2099 irregularitate
1192 2031 1285 2097 quam
1312 2051 1356 2060 —
1385 2035 1455 2081 uon

138 2119 244 2174 tamen
266 2110 301 2192 ju
329 2116 544 2195 contemptum
571 2106 707 2173 clauium
734 2105 878 2174 ecclesie
898 2146 944 2154 -
960 2104 1155 2173 celebrando
1180 2105 1285 2171 diuina
1310 2107 1367 2173 vol
1394 2110 1455 2174 in-

136 2203 302 2268 miscendo
319 2222 356 2266 se
378 2202 442 2267 illis
469 2211 522 2268 aut
545 2204 575 2267 in
597 2204 759 2290 susceptis
785 2200 995 2268 ministrando
1022 2200 1188 2268 ordinibus
1214 2210 1455 2270 contraxerunt

137 2296 243 2362 debite
275 2294 554 2383 dispensauimus,
591 2306 622 2361 et
648 2316 708 2362 eos
732 2294 990 2380 habilitauimus‚
1026 2317 1065 2362 ac
1090 2300 1138 2362 sic
1163 2295 1384 2385 dispensando
1421 2309 1455 2364 et

135 2389 330 2456 habilitando
357 2392 549 2456 cinctoritate
569 2390 769 2479 oppostolica
796 2389 890 2456 nobis
917 2392 1018 2457 eciam
1046 2393 1076 2457 iu
1103 2390 1164 2477 hijs
1190 2393 1356 2458 conmissa
1391 2415 1455 2458 eos

137 2489 168 2551 in
195 2495 310 2553 statum
337 2487 503 2574 pristinum
531 2483 713 2551 reducimus
739 2506 797 2574 per
822 2495 1005 2572 presentes.

232 2674 345 2740 Preuia
363 2697 489 2763 quoque
509 2672 762 2740 absoluciono..
781 2672 1033 2741 christifidelium
1061 2685 1121 2739 tum
1149 2675 1453 2743 ecclesiasticarum

138 2791 229 2859 quam
256 2769 482 2835 mundanarum
509 2772 676 2857 utriusque
703 2789 803 2835 sexus
835 2789 1043 2857 personarum
1071 2769 1291 2834 defuncturum
1319 2771 1456 2852 ibidem

137 2868 305 2953 presertim
332 2885 394 2950 que
419 2874 566 2952 tarrquam
602 2866 755 2929 cristiano
780 2863 943 2931 katholico
974 2866 1009 2949 jn
1036 2863 1246 2952 processibus
1275 2885 1332 2928 seu
1362 2874 1453 2930 tem-

137 2983 217 3047 pore
257 2979 468 3046 processuum
507 2958 547 3024 de
579 2957 692 3047 quibus
726 2958 899 3046 predicitur
938 2957 1169 3039 decesserunt,
1210 2979 1350 3044 corpora
1391 2981 1454 3025 suo

136 3057 327 3124 urrctoritute
358 3074 418 3141 qua
444 3073 541 3141 supra
567 3058 668 3118 eciam
695 3052 734 3118 ad
756 3051 818 3117 hoc
844 3054 937 3120 nobis
964 3056 1127 3119 conmissa
1155 3052 1340 3118 mandamus
1367 3055 1454 3120 tradi

136 3150 363 3215 ecclesiastice
388 3146 564 3234 sepulture
591 3157 623 3214 et
649 3150 710 3213 iam
736 3146 860 3234 sepulta
888 3150 1097 3235 pcrmittinrus
1124 3151 1154 3212 in
1172 3147 1301 3213 domino
1329 3153 1452 3235 quies-

136 3264 232 3312 cere.
268 3264 444 3330 eorumque
483 3244 606 3308 animas
643 3241 782 3309 fidelium
818 3241 980 3328 sull'ragiJs
1017 3243 1179 3314 adituram
1217 3245 1454 3312 committentes

138 3337 363 3404 nichilominus
386 3347 419 3403 et
443 3336 630 3402 mandantes
657 3339 846 3403 auctoritato
872 3337 1074 3423 appostolica
1100 3358 1159 3423 qua
1187 3345 1218 3400 et
1244 3357 1340 3421 supro
1369 3343 1454 3405 vni-

137 3436 241 3498 uersis
258 3483 264 3496 .
284 3483 290 3496 .
308 3431 439 3518 prelatis
455 3441 507 3497 et.
522 3483 528 3496 .
542 3430 688 3520 plebanis
706 3432 917 3498 ecclesiarum
934 3435 985 3517 qui
1000 3431 1118 3497 luerint
1134 3431 1272 3518 desuper
1288 3435 1456 3517 requisiti,

135 3538 292 3613 ‹puretenus
319 3530 476 3613 premissa
513 3530 545 3593 in
572 3525 760 3592 umbonibus
794 3525 1006 3592 ecclesiarum
1041 3547 1169 3592 suarum
1209 3547 1246 3590 ac
1283 3523 1365 3589 alias
1395 3529 1454 3596 vbi

136 3622 231 3686 suerit
259 3630 470 3709 opportunum
496 3620 659 3710 publicent
684 3642 723 3685 ac
747 3621 865 3688 fociant
890 3620 1056 3710 publicari.

229 3809 268 3874 Ju
295 3813 384 3876 cuius
409 3813 457 3875 rei
490 3815 707 3878 testimonium
734 3820 918 3901 presentem
944 3811 1083 3878 litteram
1110 3814 1212 3877 nostri
1253 3808 1355 3896 sigilli
1383 3834 1451 3904 ap-

132 3906 292 3997 pensione
318 3905 452 3973 lecimus
480 3911 668 3973 conmuniri.
