3150 5166
548 1683 1050 1826 Praefatio.

692 2012 891 2026 ὴ

132 2185 196 2287 Ab
233 2211 368 2287 eodem
404 2230 478 2308 quo
515 2217 596 2288 tres
632 2214 900 2290 antecedentes
943 2215 1037 2291 torni
1073 2215 1283 2295 recensitus
1321 2219 1448 2318 prodit

132 2360 468 2433 monumentorum
495 2355 691 2432 boicorum
719 2355 781 2432 bic
809 2363 937 2433 tomus
965 2358 1276 2460 quadragesimus
1305 2363 1449 2460 primus

131 2500 211 2577 sive
240 2498 411 2576 decimus
441 2505 600 2598 quartus
630 2524 752 2577 novae
782 2501 901 2578 seriei.

240 2679 569 2755 Documentorum
603 2679 687 2778 plus
727 2703 842 2779 quarn
885 2683 1136 2758 ducentorum
1175 2681 1445 2783 quinquaginta

129 2822 335 2912 editorum,
389 2845 552 2921 quorum
601 2825 799 2930 nonnulla,
856 2831 900 2903 ut
958 2824 1177 2902 reformatio
1223 2828 1444 2904 monasterii

128 2993 157 3045 s.
195 2965 375 3068 Stephani
415 2964 719 3068 wirziburgensis
763 2970 812 3044 ab
847 2970 1008 3047 Alberto
1049 2969 1224 3069 episcopo
1268 2971 1444 3048 instituta
1545 2943 1547 2947 ’

128 3108 231 3218 (pag.
258 3107 524 3216 313-356),
566 3111 661 3189 satis
697 3112 811 3211 ampli
848 3113 1013 3192 ambitus
1056 3117 1168 3202 sunt,
1211 3111 1313 3211 prior
1354 3137 1443 3211 pars

127 3256 293 3357 pertinet
314 3258 364 3333 ad
390 3254 595 3334 novissima
615 3261 790 3356 tempora
807 3256 1046 3357 episcopatus
1063 3257 1212 3334 Ottonis
1236 3260 1283 3333 de
1307 3258 1441 3335 Wolfs·

126 3402 189 3479 kel
224 3403 311 3477 inde
345 3401 393 3475 ab
437 3421 537 3475 anno
584 3399 853 3478 MCCCXLIV
898 3424 1019 3500 usque
1068 3402 1117 3476 ad
1160 3399 1259 3476 diem
1307 3398 1443 3477 XXIII

127 3548 268 3623 mensis
287 3542 438 3645 augusti
462 3541 549 3620 anui
565 3543 827 3635 MCCCXLV,
855 3568 930 3645 quo
959 3545 1020 3621 ille
1049 3551 1211 3621 mortem
1241 3544 1441 3633 occubuit;

126 3693 247 3769 altera
283 3712 343 3764 res
380 3692 509 3788 gestas
548 3686 788 3786 episcopatus
832 3687 1093 3787 lrerbipolitani
1138 3688 1225 3765 inde
1262 3712 1285 3762 a
1316 3696 1439 3765 morte

125 3834 276 3913 Ottonis
298 3835 345 3908 de
369 3833 556 3911 Wolfslrel
580 3855 700 3930 usque
729 3833 778 3907 ad
807 3832 921 3908 finem
951 3833 1037 3909 anni
1057 3832 1284 3910 IICCCLIII
1310 3832 1436 3908 refert.

125 3977 227 4055 Huic
263 3975 474 4054 collectioni
517 3977 591 4052 boc
633 3976 716 4051 loco
768 3976 975 4074 adjungere
1021 3973 1161 4076 placuit
1210 3976 1285 4052 duo
1327 3977 1437 4050 docu-

124 4130 255 4200 menta
301 4124 435 4224 quibus
479 4125 527 4199 ab
570 4122 731 4200 ecclesia
772 4117 1050 4219 wirziburgensi
1092 4120 1158 4216 jus
1211 4126 1437 4218 patronatus
1541 4192 1545 4201 ,

96 4246 98 4248 ,
124 4269 305 4345 ecclcsiae
322 4267 586 4345 bretfeldensis
602 4266 784 4344 dioecesis
801 4264 1085 4363 bambergensis
1102 4263 1283 4340 coenobio
1300 4263 1436 4340 sancti-
1563 4276 1568 4289 ‘

123 4413 340 4492 monialium
368 4411 685 4491 schlusselauensi
712 4409 934 4510 impertitur.
