3150 5166
277 39 1516 367 μ

672 870 881 941 Monumenta

320 1058 500 1128 huiusmodi
520 1065 558 1151 ju
582 1063 685 1151 ipsius
709 1059 899 1147 monasterii
931 1076 1013 1127 rsus
1038 1060 1193 1150 proprios
1215 1056 1325 1129 libere
1348 1078 1431 1125 cou-

321 1162 462 1238 uertere,
474 1158 595 1225 nostris
605 1155 733 1248 quidem
744 1174 804 1223 seu
815 1160 1265 1225 successorumnoatrorum.
1280 1154 1433 1243 .episco-

320 1269 432 1339 porum
463 1248 834 1341 herbipolensium
869 1244 927 1316 vel
964 1244 1133 1317 alterius.
1167 1250 1434 1337 .culuscumquo

321 1364 458 1411 assensu
484 1365 522 1412 ac
548 1344 686 1414 licencia
710 1346 840 1413 minime
864 1343 1042 1433 requisitis,
1066 1350 1240 1411 reseruata
1263 1352 1374 1413 tumen
1395 1338 1435 1409 da

321 1437 474 1506 fructibus
500 1438 676 1510 redditibus
692 1448 726 1508 et
740 1436 952 1529 prouentibus
964 1438 1067 1527 ipsius
1091 1434 1261 1507 ecclesie.
1278 1434 1435 1529 plebano

321 1554 379 1601 seu
397 1535 521 1602 noerio
546 1544 704 1625 perpetuo
731 1533 807 1602 inibi
832 1532 997 1601 se'ruituro
1022 1551 1169 1621 congrus
1196 1534 1370 1622 porcione,
1394 1551 1436 1599 ux

320 1649 380 1717 qua
406 1631 509 1716 possit
541 1648 687 1718 congrue
711 1628 913 1713 sustentari,
941 1630 1015 1717 jura
1038 1626 1241 1718 episcopalia
1265 1635 1301 1695 et
1325 1624 1435 1693 arcbi-

321 1721 499 1789 diaconalia
514 1723 660 1811 soluere,
673 1744 713 1791 ac
724 1722 787 1792 alia
800 1720 861 1791 sibi
874 1720 1098 1791 incumbeucia
1113 1740 1218 1791 cneru
1227 1719 1433 1811 subportare.

414 1815 532 1901 Porro,
557 1818 655 1888 licet.
672 1816 852 1907 ,donatarii
879 1868 912 1888 ..
939 1815 1090 1886 donatori
1113 1818 1179 1885 siut
1203 1814 1245 1885 ad
1270 1812 1434 1889 unlbidoia

320 1913 421 1978 coium
447 1912 638 1982 naturaliter
662 1912 811 2002 obligati,
834 1932 897 1981 nos
922 1920 1218 1981 tumen-reuera
1242 1912 1432 1999 monasterii

321 2015 354 2072 et
388 2004 511 2074 ordinis
555 2005 772 2097 predictorum
806 2006 934 2076 zelator
970 2027 1011 2075 ac
1043 2004 1151 2075 iuutor
1184 2004 1361 2077 beniuolua
1396 2026 1436 2073 ac

321 2101 450 2169 votiuus
474 2141 517 2150 -
545 2100 805 2171 desiderabiliter
835 2099 1017 2170 affectando
1041 2120 1213 2191 precamur
1245 2122 1291 2171 ax
1326 2098 1434 2167 diuino

321 2205 352 2261 ct
368 2193 504 2262 bumana
519 2194 664 2266 karitatis
678 2195 810 2281 ardore,
832 2194 1014 2265 huiusmodi
1033 2198 1223 2285 monasterii
1238 2247 1247 2263 .
1265 2247 1273 2263 .
1288 2192 1434 2264 abbatem

322 2299 354 2354 eu
381 2339 387 2353 .
416 2338 422 2352 .
450 2300 643 2358 conuentum
669 2313 709 2360 ac
732 2290 967 2361 conuentuules
990 2340 1025 2359 ..
1052 2288 1236 2358 confratres
1261 2297 1434 2381 presentes

321 2393 354 2450 et
377 2381 503 2451 futuros
530 2406 572 2453 ex
597 2387 751 2454 naturalis
777 2395 810 2453 et
830 2383 1004 2453 karitatiue
1028 2384 1178 2473 equitatis
1202 2383 1336 2454 vinculo
1360 2382 1434 2453 iore

321 2488 353 2546 et
379 2498 550 2547 remanere
575 2482 696 2548 vtinam
722 2478 885 2567 obligatos
912 2482 1116 2548 incessanter
1149 2488 1320 2568 optantes,
1350 2480 1433 2568 ipsis

320 2576 351 2639 in
389 2594 465 2641 suus
501 2577 726 2644 conscienciae
765 2577 906 2643 strictius
950 2572 1192 2663 relinquentes,
1238 2582 1271 2640 et
1308 2572 1349 2641 ab
1385 2574 1433 2639 eis

321 2670 505 2756 prompcius
521 2669 667 2738 exaudiri
692 2669 893 2739 confidenter
919 2677 1103 2759 sperantes,
1128 2666 1212 2756 quod
1237 2669 1331 2737 aunis
1359 2669 1432 2735 sin-

321 2762 407 2849 gulis
441 2773 517 2851 post
552 2773 688 2831 mortem
727 2773 872 2831 nostrum
913 2763 1144 2831 uniuersarium
1178 2771 1325 2829 nostrum
1362 2783 1432 2830 cum

322 2858 429 2945 longis
455 2859 577 2945 vigiliis
604 2869 636 2927 et
661 2863 761 2928 missa
786 2860 960 2925 animarum
987 2878 1057 2924 curn
1084 2864 1161 2924 nota
1184 2857 1321 2947 aliisque
1345 2878 1432 2925 con-

320 2955 422 3020 suetis
439 2954 646 3022 oracionibus
662 2953 878 3045 deprecatiuis
905 2953 1023 3021 deuote
1041 2962 1074 3021 et
1098 2952 1312 3043 solempniter
1336 2961 1430 3020 sata-

321 3058 398 3135 gant
424 3047 605 3133 celebrare,
630 3050 779 3140 quodque
795 3048 909 3116 eodem
929 3049 981 3117 die
1007 3050 1197 3135 uniuersarij
1223 3049 1327 3114 nostri
1343 3068 1433 3135 quo-

321 3140 398 3209 libet
423 3164 505 3210 anno
531 3148 561 3212 in
588 3144 660 3212 cibo
687 3156 719 3213 ei
744 3154 820 3236 potu
846 3142 1114 3212 conuentualibus
1138 3139 1255 3209 ibidem
1281 3144 1433 3229 personis

316 3239 352 3323 jn
381 3236 578 3304 salutiferam
605 3243 710 3306 unirne
733 3249 847 3307 nostre
875 3238 1000 3327 quidem
1027 3238 1365 3304 conmemoracionem
1392 3237 1431 3305 de

320 3330 501 3399 huiusmodi
537 3337 724 3423 monasterij
762 3332 856 3402 bonis
896 3332 1069 3424 peculiaris
1106 3329 1160 3399 liat
1201 3334 1339 3422 pitancia
1374 3353 1432 3399 seu

320 3427 509 3496 consolacio
536 3430 699 3519 specialis.

411 3522 449 3589 ln
477 3527 568 3591 cuius
593 3527 642 3590 rei
665 3525 884 3591 testimonium
900 3531 1087 3612 perpetuum
1103 3531 1198 3610 atque
1214 3520 1314 3588 robur
1335 3540 1433 3587 man-

321 3614 464 3684 dauimus
498 3618 556 3686 bas
591 3620 716 3688 litteras
750 3618 891 3710 desuper
922 3616 1105 3702 conscribi,
1137 3618 1307 3705 nostrique
1332 3615 1433 3703 sigilli

319 3714 519 3801 appensione
544 3717 668 3781 muniri.

412 3806 481 3877 Nos
508 3830 634 3898 quoque
661 3808 867 3876 Albertus
893 3805 1206 3876 dellohcnlocb
1233 3807 1431 3896 prepositus,

319 3899 588 3971 Eberhardus
615 3903 655 3970 de
680 3902 879 3994 Rpedern
907 3901 1059 3969 decanus.
1086 3912 1249 3991 totumque
1276 3952 1309 3967 ..
1337 3904 1431 3990 cupi-

320 3998 419 4064 tulum
454 3998 597 4066 ecclesie
631 3998 981 4088 herbipolensis,
1017 3996 1057 4062 de
1093 3996 1207 4085 quibus
1246 3994 1432 4084 predicitur,

320 4102 435 4160 tenore
461 4096 665 4184 presencium
680 4145 687 4159 .
710 4146 716 4160 .
733 4091 978 4183 perceptoribus
996 4095 1264 4180 recognoscimus
1290 4100 1322 4155 et
1337 4100 1432 4179 pute-

319 4188 455 4257 facimus
481 4192 657 4271 uniuersis,
683 4189 767 4277 quod
792 4209 855 4257 nos
872 4207 986 4254 omnes
1013 4196 1045 4253 et
1069 4188 1189 4275 singuli
1214 4185 1433 4273 capitulariter

321 4287 523 4353 conmuniter
543 4295 575 4352 et
592 4286 786 4352 unanimiter
811 4292 955 4351 nostrum
981 4283 1152 4352 consilium
1179 4301 1374 4348 consensum
1400 4292 1433 4350 et
