3158 4732
138 466 184 539 dit
682 454 889 527 Merrrrmeutu

138 664 168 727 tn
196 656 357 733 nlrlurtern,
383 654 481 719 (lito
508 650 608 739 prior.
635 656 785 733 totusque
810 694 818 709 .
846 694 853 709 .
879 650 1059 710 conuentus
1083 646 1274 735 monasterii
1299 644 1438 738 prelibati

139 752 410 835 rr·r·.eprrrrecirrrrrs
425 744 552 837 publice
571 741 631 809 srrb
657 738 718 827 lrijs
744 739 885 826 scriptis,
908 746 1054 805 nostrum
1068 736 1252 826 sigillorum
1277 760 1439 833 ceappen-

138 846 285 917 aionibos
312 842 493 917 rrrberetia,
530 838 614 927 «pred
648 832 826 917 huiusmodi
853 829 1020 899 ordinacio
1045 839 1196 900 statutum
1230 854 1292 903 seu
1324 838 1441 905 unedo

137 940 271 1031 prorridn
309 949 341 1006 ot
376 934 514 1005 urrlubris
552 930 591 999 do
623 925 827 995 eormeniuali
865 946 903 990 ae
928 924 1096 1014 capitulari
1120 937 1268 996 nostrum
1307 933 1443 1001 omnium

139 1036 279 1103 cornilio
306 1052 470 1100 rrrrrruonen
497 1035 529 1093 ei
555 1022 800 1091 collaudacione
825 1021 982 1087 canonice
1014 1028 1047 1087 ut
1079 1019 1240 1108 prefertur
1274 1028 1445 1113 processit,

137 1130 286 1217 rprrrrdrpre
312 1150 373 1195 noa
401 1148 457 1191 erra
484 1126 704 1209 inperpetuum
732 1115 910 1183 obseruare
936 1134 999 1181 nec
1033 1118 1261 1183 contrauenire
1293 1116 1444 1189 debemus

138 1246 264 1290 rrernen
290 1244 348 1311 pre
375 1218 468 1287 nrrlris
495 1224 528 1281 et
553 1210 801 1281 antecessoribus
835 1211 957 1275 nostris
988 1211 1051 1275 rite
1075 1211 1281 1299 promisimus
1302 1233 1443 1305 pressu·

137 1316 285 1403 tllruerpre
311 1314 519 1403 nprrrndnuurs.

234 1410 346 1473 llntuur
374 1406 400 1473 ll
414 1404 484 1471 urb
498 1406 504 1469 i
517 1424 535 1489 p
547 1424 566 1467 o
577 1400 585 1467 l
597 1404 625 1477 i,
651 1421 735 1467 none
750 1398 867 1484 dorninj
890 1395 1063 1464 millesimo
1080 1394 1173 1465 000⁴
1197 1399 1446 1492 quadragesimo

137 1512 264 1589 «parante,
289 1498 343 1567 llll
365 1498 440 1585 idne
466 1493 589 1585 aprilis,
615 1492 816 1584 pontificatus
843 1511 924 1559 vero
951 1494 1054 1559 nostri
1080 1511 1164 1560 anno
1189 1491 1329 1565 decimo.

335 1690 408 1739 l'riur
431 1700 538 1753 quorum
560 1686 654 1739 merrtio
676 1686 740 1739 taeta
761 1690 801 1737 eat
822 1683 903 1753 sigilla
925 1682 972 1735 illis
992 1682 1082 1736 sericis
1104 1683 1199 1737 coleris
1220 1686 1290 1741 rubri
1311 1694 1339 1741 et
1359 1690 1446 1745 viridis

333 1786 364 1821 ar
386 1774 493 1833 utreque
515 1768 602 1821 narem
624 1768 761 1821 litterarum
784 1766 920 1834 exemplari
941 1779 1066 1832 suspensa
1087 1771 1159 1818 aunt.

725 2070 844 2141 xvllt.

610 2262 701 2333 lii-lt,
722 2259 769 2318 dle
793 2264 839 2323 13.
862 2259 967 2335 aprilis.

135 2436 284 2505 Ecclesia
323 2434 563 2525 herbipolensis
599 2454 727 2505 necnon
764 2436 960 2501 monasteria
1001 2435 1124 2505 ordinis
1159 2462 1186 2509 s.
1219 2440 1388 2513 Benedicti
1413 2453 1446 2515 et

136 2538 319 2599 conventus
357 2532 497 2597 civitatis
531 2525 800 2615 wirziburgensis
833 2525 873 2595 de
904 2530 1135 2619 recuperandis
1171 2543 1203 2602 et
1234 2535 1445 2611 defendendis

134 2629 203 2695 suis
243 2623 444 2694 libertatibus
477 2621 604 2708 juribus
642 2622 825 2711 privilegiis
863 2632 896 2691 et
927 2626 1214 2698 consuetudinibus
1249 2638 1441 2721 praesertim

436 2726 548 2785 contra
575 2720 667 2785 ciues
694 2716 972 2806 wirciburgenses
998 2729 1150 2791 statuunt

226 2908 266 2975 ln
291 2908 422 2975 nomine
447 2905 565 2973 domini
590 2925 695 2972 aman.

226 3000 305 3069 (ium
340 2998 516 3069 seeundum
556 3001 640 3067 viani
673 3002 756 3086 juris
792 3009 825 3069 et
859 3007 1000 3074 racionis
1038 3007 1180 3077 mambra
1211 3030 1278 3077 nou
1302 3008 1442 3081 liceata

132 3098 236 3183 capite
263 3094 461 3186 discrepare,
487 3096 651 3183 turpisque
677 3116 751 3183 pars
778 3116 855 3166 essa
881 3100 1002 3168 dicutur
1026 3124 1089 3192 que
1114 3126 1175 3174 suo
1200 3125 1265 3172 non
1292 3112 1443 3195 congruit

133 3191 301 3271 uniuerso,
327 3210 388 3257 nos
415 3192 512 3277 igitur
536 3186 809 3258 Eberbardus
835 3193 977 3264 decanus
1009 3205 1175 3287 totumque
1200 3248 1208 3261 .
1234 3246 1242 3262 .
1270 3200 1441 3284 capitulum

132 3284 276 3367 maioris,
302 3282 492 3352 Siiridus
517 3286 619 3351 saneti
643 3282 903 3372 Burcburdi,
940 3288 1170 3357 Ludwicus
1204 3292 1308 3355 saneti
1342 3292 1440 3359 Ste-

131 3373 278 3463 phani,
303 3374 526 3467 Philippus
554 3380 657 3444 suncti
691 3378 710 3445 J
720 3379 840 3447 ucobi
874 3381 1146 3450 monasteriorum
1179 3376 1302 3445 ordinis
1336 3388 1440 3447 sancti

130 3466 297 3537 Benedicti
323 3468 455 3539 abbates
481 3479 514 3538 et
538 3482 719 3540 conuentus
745 3473 941 3556 eorundem,
973 3472 1199 3539 Heinricus
1225 3468 1330 3531 suncti
1365 3468 1437 3533 Jo-

131 3558 277 3630 bannis
303 3566 333 3630 in
360 3564 522 3653 llouge,
558 3564 786 3633 lleinricus
811 3562 1181 3648 Nouimonasterij
1223 3556 1436 3629 aeclesiarum

130 3651 472 3741 herbipolensim
499 3657 612 3724 decani
637 3669 670 3726 et
708 3708 715 3724 .
750 3709 757 3724 .
795 3657 933 3744 capitula
967 3652 1161 3738 earundem,
1196 3654 1437 3727 deliberacione

130 3756 251 3813 motura
276 3749 441 3833 prehabita
454 3772 492 3817 ac
506 3751 691 3818 tractatibus
715 3748 953 3838 quampluribus
977 3749 1157 3839 premissis,
1190 3751 1438 3824 considerantes

130 3849 162 3904 et
186 3838 389 3911 attendentes
415 3844 657 3911 ordinacionem
683 3844 918 3929 infrascriptam
945 3862 1008 3908 non
1033 3840 1139 3909 solum
1166 3867 1243 3915 esse
1267 3847 1380 3915 utilem
1406 3862 1439 3918 et
