<?xml version="1.0" encoding="UTF-8"?>
<!DOCTYPE html PUBLIC "-//W3C//DTD XHTML 1.0 Transitional//EN"
    "http://www.w3.org/TR/xhtml1/DTD/xhtml1-transitional.dtd">
<html xmlns="http://www.w3.org/1999/xhtml" xml:lang="en" lang="en">
 <head>
  <title>
</title>
<meta http-equiv="Content-Type" content="text/html;charset=utf-8" />
  <meta name='ocr-system' content='tesseract 3.04.00' />
  <meta name='ocr-capabilities' content='ocr_page ocr_carea ocr_par ocr_line ocrx_word'/>
</head>
<body>
  <div class='ocr_page' id='page_1' title='image "./monumentaboicae22wissgoog_0051.png"; bbox 0 0 3158 4732; ppageno 0'>
   <div class='ocr_carea' id='block_1_1' title="bbox 138 638 900 710">
    <p class='ocr_par' dir='ltr' id='par_1_1' title="bbox 138 638 900 710">
     <span class='ocr_line' id='line_1_1' title="bbox 138 638 900 710; baseline -0.007 0"><span class='ocrx_word' id='word_1_1' title='bbox 138 642 183 710; x_wconf 84' lang='lat'>30</span> <span class='ocrx_word' id='word_1_2' title='bbox 693 638 900 706; x_wconf 82' lang='lat' dir='ltr'>Monumenta</span> 
     </span>
    </p>
   </div>
   <div class='ocr_carea' id='block_1_2' title="bbox 131 825 1445 4137">
    <p class='ocr_par' dir='ltr' id='par_1_2' title="bbox 136 825 1443 992">
     <span class='ocr_line' id='line_1_2' title="bbox 136 825 1443 918; baseline -0.002 -20"><span class='ocrx_word' id='word_1_3' title='bbox 136 834 220 898; x_wconf 88' lang='lat' dir='ltr'>saria</span> <span class='ocrx_word' id='word_1_4' title='bbox 247 839 459 918; x_wconf 66' lang='lat' dir='ltr'>conpetenter</span> <span class='ocrx_word' id='word_1_5' title='bbox 482 827 600 895; x_wconf 87' lang='lat' dir='ltr'>inerint</span> <span class='ocrx_word' id='word_1_6' title='bbox 625 825 770 894; x_wconf 81' lang='lat' dir='ltr'>edificata</span> <span class='ocrx_word' id='word_1_7' title='bbox 801 830 902 894; x_wconf 91' lang='lat' dir='ltr'>eciam</span> <span class='ocrx_word' id='word_1_8' title='bbox 931 827 1109 911; x_wconf 74' lang='lat' dir='ltr'>inhumata,</span> <span class='ocrx_word' id='word_1_9' title='bbox 1135 837 1262 895; x_wconf 90' lang='lat' dir='ltr'>etcum</span> <span class='ocrx_word' id='word_1_10' title='bbox 1288 827 1443 896; x_wconf 87' lang='lat' dir='ltr'>iructibus</span> 
     </span>
     <span class='ocr_line' id='line_1_3' title="bbox 136 926 331 992; baseline -0.01 0"><span class='ocrx_word' id='word_1_11' title='bbox 136 926 331 992; x_wconf 90' lang='lat' dir='ltr'>memoratis.</span> 
     </span>
    </p>

    <p class='ocr_par' dir='ltr' id='par_1_3' title="bbox 131 1014 1445 2696">
     <span class='ocr_line' id='line_1_4' title="bbox 230 1014 1445 1107; baseline 0 -23"><span class='ocrx_word' id='word_1_12' title='bbox 230 1019 299 1101; x_wconf 86' lang='lat' dir='ltr'>Que</span> <span class='ocrx_word' id='word_1_13' title='bbox 336 1016 462 1107; x_wconf 90' lang='lat' dir='ltr'>quidem</span> <span class='ocrx_word' id='word_1_14' title='bbox 499 1015 584 1084; x_wconf 88' lang='lat' dir='ltr'>bona</span> <span class='ocrx_word' id='word_1_15' title='bbox 609 1014 649 1085; x_wconf 92' lang='lat' dir='ltr'>de</span> <span class='ocrx_word' id='word_1_16' title='bbox 686 1017 799 1106; x_wconf 91' lang='lat' dir='ltr'>quibus</span> <span class='ocrx_word' id='word_1_17' title='bbox 834 1015 1009 1106; x_wconf 80' lang='lat' dir='ltr'>predicitur</span> <span class='ocrx_word' id='word_1_18' title='bbox 1041 1025 1114 1084; x_wconf 89' lang='lat' dir='ltr'>sunt</span> <span class='ocrx_word' id='word_1_19' title='bbox 1147 1016 1218 1085; x_wconf 92' lang='lat' dir='ltr'>hec.</span> <span class='ocrx_word' id='word_1_20' title='bbox 1280 1016 1445 1084; x_wconf 86' lang='lat' dir='ltr'>Videlicet</span> 
     </span>
     <span class='ocr_line' id='line_1_5' title="bbox 136 1111 1443 1201; baseline -0.002 -21"><span class='ocrx_word' id='word_1_21' title='bbox 136 1112 278 1182; x_wconf 91' lang='lat' dir='ltr'>redditus</span> <span class='ocrx_word' id='word_1_22' title='bbox 304 1133 432 1181; x_wconf 83' lang='lat' dir='ltr'>annone</span> <span class='ocrx_word' id='word_1_23' title='bbox 457 1123 489 1180; x_wconf 89' lang='lat' dir='ltr'>et</span> <span class='ocrx_word' id='word_1_24' title='bbox 524 1133 643 1180; x_wconf 88' lang='lat' dir='ltr'>census</span> <span class='ocrx_word' id='word_1_25' title='bbox 676 1115 812 1201; x_wconf 88' lang='lat' dir='ltr'>pecunie</span> <span class='ocrx_word' id='word_1_26' title='bbox 847 1114 1076 1201; x_wconf 88' lang='lat' dir='ltr'>proueniantes</span> <span class='ocrx_word' id='word_1_27' title='bbox 1113 1111 1152 1179; x_wconf 94' lang='lat' dir='ltr'>de</span> <span class='ocrx_word' id='word_1_28' title='bbox 1187 1111 1265 1179; x_wconf 90' lang='lat' dir='ltr'>villa</span> <span class='ocrx_word' id='word_1_29' title='bbox 1302 1112 1443 1179; x_wconf 87' lang='lat' dir='ltr'>Sulta-</span> 
     </span>
     <span class='ocr_line' id='line_1_6' title="bbox 136 1205 1444 1296; baseline -0.002 -21"><span class='ocrx_word' id='word_1_30' title='bbox 136 1209 235 1276; x_wconf 87' lang='lat' dir='ltr'>dori</span> <span class='ocrx_word' id='word_1_31' title='bbox 245 1258 254 1290; x_wconf 76' lang='grc'><em>,</em></span> <span class='ocrx_word' id='word_1_32' title='bbox 275 1210 355 1295; x_wconf 86' lang='lat' dir='ltr'>jtem</span> <span class='ocrx_word' id='word_1_33' title='bbox 381 1229 500 1283; x_wconf 87' lang='lat' dir='ltr'>census</span> <span class='ocrx_word' id='word_1_34' title='bbox 526 1210 660 1296; x_wconf 86' lang='lat' dir='ltr'>pecunie</span> <span class='ocrx_word' id='word_1_35' title='bbox 676 1210 872 1296; x_wconf 90' lang='lat' dir='ltr'>proueoiens</span> <span class='ocrx_word' id='word_1_36' title='bbox 887 1206 926 1274; x_wconf 89' lang='lat' dir='ltr'>de</span> <span class='ocrx_word' id='word_1_37' title='bbox 947 1206 1035 1274; x_wconf 88' lang='lat' dir='ltr'>villis</span> <span class='ocrx_word' id='word_1_38' title='bbox 1050 1205 1444 1289; x_wconf 74' lang='lat' dir='ltr'>Wlteriohshusem</span> 
     </span>
     <span class='ocr_line' id='line_1_7' title="bbox 134 1300 1442 1389; baseline -0.004 -16"><span class='ocrx_word' id='word_1_39' title='bbox 134 1303 431 1385; x_wconf 79' lang='lat' dir='ltr'>Echenhusen‚</span> <span class='ocrx_word' id='word_1_40' title='bbox 482 1301 712 1384; x_wconf 65' lang='lat' dir='ltr'>Rotilmar‚</span> <span class='ocrx_word' id='word_1_41' title='bbox 762 1301 887 1384; x_wconf 77' lang='lat' dir='ltr'>Baro,</span> <span class='ocrx_word' id='word_1_42' title='bbox 931 1310 964 1367; x_wconf 89' lang='lat' dir='ltr'>et</span> <span class='ocrx_word' id='word_1_43' title='bbox 1003 1300 1093 1383; x_wconf 88' lang='lat' dir='ltr'>Sal;</span> <span class='ocrx_word' id='word_1_44' title='bbox 1133 1304 1213 1389; x_wconf 86' lang='lat' dir='ltr'>jtem</span> <span class='ocrx_word' id='word_1_45' title='bbox 1249 1300 1372 1368; x_wconf 90' lang='lat' dir='ltr'>decima</span> <span class='ocrx_word' id='word_1_46' title='bbox 1405 1304 1442 1388; x_wconf 91' lang='lat' dir='ltr'>jn</span> 
     </span>
     <span class='ocr_line' id='line_1_8' title="bbox 134 1393 1440 1486; baseline -0.002 -20"><span class='ocrx_word' id='word_1_47' title='bbox 134 1397 389 1486; x_wconf 82' lang='lat' dir='ltr'>Nutlingen3</span> <span class='ocrx_word' id='word_1_48' title='bbox 411 1400 489 1484; x_wconf 89' lang='lat' dir='ltr'>jtem</span> <span class='ocrx_word' id='word_1_49' title='bbox 516 1416 642 1463; x_wconf 83' lang='lat' dir='ltr'>annone</span> <span class='ocrx_word' id='word_1_50' title='bbox 668 1398 863 1484; x_wconf 87' lang='lat' dir='ltr'>proueniens</span> <span class='ocrx_word' id='word_1_51' title='bbox 898 1393 937 1461; x_wconf 92' lang='lat' dir='ltr'>de</span> <span class='ocrx_word' id='word_1_52' title='bbox 965 1394 1088 1462; x_wconf 87' lang='lat' dir='ltr'>decima</span> <span class='ocrx_word' id='word_1_53' title='bbox 1114 1418 1173 1463; x_wconf 91' lang='lat' dir='ltr'>seu</span> <span class='ocrx_word' id='word_1_54' title='bbox 1200 1394 1373 1463; x_wconf 87' lang='lat' dir='ltr'>redditibus</span> <span class='ocrx_word' id='word_1_55' title='bbox 1400 1396 1440 1463; x_wconf 91' lang='lat' dir='ltr'>de</span> 
     </span>
     <span class='ocr_line' id='line_1_9' title="bbox 135 1482 1443 1579; baseline -0.002 -19"><span class='ocrx_word' id='word_1_56' title='bbox 135 1482 1443 1579; x_wconf 70' lang='lat' dir='ltr'>villisllodehusen,Boppenlnr⁸‚lllnspach,Baldungeshnsen‚</span> 
     </span>
     <span class='ocr_line' id='line_1_10' title="bbox 134 1582 1444 1668; baseline -0.002 -14"><span class='ocrx_word' id='word_1_57' title='bbox 134 1585 506 1668; x_wconf 69' lang='lat' dir='ltr'>Batiohenhrunn‚</span> <span class='ocrx_word' id='word_1_58' title='bbox 543 1584 870 1668; x_wconf 74' lang='lat' dir='ltr'>orrichshusan,</span> <span class='ocrx_word' id='word_1_59' title='bbox 908 1582 1147 1668; x_wconf 70' lang='lat' dir='ltr'>Sahelmar‚</span> <span class='ocrx_word' id='word_1_60' title='bbox 1195 1585 1444 1668; x_wconf 75' lang='lat' dir='ltr'>stamheim,</span> 
     </span>
     <span class='ocr_line' id='line_1_11' title="bbox 135 1679 1444 1770; baseline -0.001 -22"><span class='ocrx_word' id='word_1_61' title='bbox 135 1679 430 1770; x_wconf 67' lang='lat' dir='ltr'>lppensheim‚</span> <span class='ocrx_word' id='word_1_62' title='bbox 456 1689 489 1746; x_wconf 89' lang='lat' dir='ltr'>et</span> <span class='ocrx_word' id='word_1_63' title='bbox 512 1679 744 1760; x_wconf 82' lang='lat' dir='ltr'>Kircheim3</span> <span class='ocrx_word' id='word_1_64' title='bbox 765 1682 844 1765; x_wconf 85' lang='lat' dir='ltr'>jtom</span> <span class='ocrx_word' id='word_1_65' title='bbox 870 1679 993 1746; x_wconf 89' lang='lat' dir='ltr'>decima</span> <span class='ocrx_word' id='word_1_66' title='bbox 1018 1701 1146 1748; x_wconf 91' lang='lat' dir='ltr'>annone</span> <span class='ocrx_word' id='word_1_67' title='bbox 1172 1682 1202 1747; x_wconf 92' lang='lat' dir='ltr'>in</span> <span class='ocrx_word' id='word_1_68' title='bbox 1228 1679 1444 1748; x_wconf 88' lang='lat' dir='ltr'>Gunders-</span> 
     </span>
     <span class='ocr_line' id='line_1_12' title="bbox 134 1772 1441 1864; baseline -0.002 -22"><span class='ocrx_word' id='word_1_69' title='bbox 134 1775 313 1857; x_wconf 74' lang='lat' dir='ltr'>leuben,</span> <span class='ocrx_word' id='word_1_70' title='bbox 337 1783 476 1863; x_wconf 88' lang='lat' dir='ltr'>excepta</span> <span class='ocrx_word' id='word_1_71' title='bbox 492 1773 736 1840; x_wconf 89' lang='lat' dir='ltr'>tamendecima</span> <span class='ocrx_word' id='word_1_72' title='bbox 762 1775 880 1839; x_wconf 90' lang='lat' dir='ltr'>minuta</span> <span class='ocrx_word' id='word_1_73' title='bbox 906 1772 1050 1840; x_wconf 87' lang='lat' dir='ltr'>eiusdem</span> <span class='ocrx_word' id='word_1_74' title='bbox 1077 1775 1168 1842; x_wconf 90' lang='lat' dir='ltr'>ville.</span> <span class='ocrx_word' id='word_1_75' title='bbox 1219 1775 1289 1856; x_wconf 83' lang='lat' dir='ltr'>Que</span> <span class='ocrx_word' id='word_1_76' title='bbox 1314 1774 1441 1864; x_wconf 87' lang='lat' dir='ltr'>quidem</span> 
     </span>
     <span class='ocr_line' id='line_1_13' title="bbox 136 1866 1442 1937; baseline -0.001 0"><span class='ocrx_word' id='word_1_77' title='bbox 136 1870 220 1937; x_wconf 89' lang='lat' dir='ltr'>bona</span> <span class='ocrx_word' id='word_1_78' title='bbox 246 1869 363 1937; x_wconf 88' lang='lat' dir='ltr'>ibidem</span> <span class='ocrx_word' id='word_1_79' title='bbox 389 1867 522 1935; x_wconf 89' lang='lat' dir='ltr'>abbacie</span> <span class='ocrx_word' id='word_1_80' title='bbox 547 1866 684 1934; x_wconf 88' lang='lat' dir='ltr'>luerunt.</span> <span class='ocrx_word' id='word_1_81' title='bbox 744 1868 828 1935; x_wconf 84' lang='lat' dir='ltr'>ltem</span> <span class='ocrx_word' id='word_1_82' title='bbox 863 1867 924 1934; x_wconf 92' lang='lat' dir='ltr'>due</span> <span class='ocrx_word' id='word_1_83' title='bbox 959 1867 1088 1935; x_wconf 87' lang='lat' dir='ltr'>karrate</span> <span class='ocrx_word' id='word_1_84' title='bbox 1120 1869 1160 1936; x_wconf 93' lang='lat' dir='ltr'>de</span> <span class='ocrx_word' id='word_1_85' title='bbox 1197 1870 1324 1937; x_wconf 92' lang='lat' dir='ltr'>meliori</span> <span class='ocrx_word' id='word_1_86' title='bbox 1365 1872 1442 1936; x_wconf 90' lang='lat' dir='ltr'>vino</span> 
     </span>
     <span class='ocr_line' id='line_1_14' title="bbox 136 1961 1442 2054; baseline -0.002 -22"><span class='ocrx_word' id='word_1_87' title='bbox 136 1965 222 2054; x_wconf 91' lang='lat' dir='ltr'>quod</span> <span class='ocrx_word' id='word_1_88' title='bbox 249 1965 389 2031; x_wconf 87' lang='lat' dir='ltr'>creuerit</span> <span class='ocrx_word' id='word_1_89' title='bbox 414 1965 586 2030; x_wconf 79' lang='lat' dir='ltr'>concentui</span> <span class='ocrx_word' id='word_1_90' title='bbox 621 1965 653 2031; x_wconf 91' lang='lat' dir='ltr'>in</span> <span class='ocrx_word' id='word_1_91' title='bbox 679 1961 820 2034; x_wconf 90' lang='lat' dir='ltr'>marchia</span> <span class='ocrx_word' id='word_1_92' title='bbox 844 1962 924 2030; x_wconf 87' lang='lat' dir='ltr'>ville</span> <span class='ocrx_word' id='word_1_93' title='bbox 949 1962 1172 2044; x_wconf 79' lang='lat' dir='ltr'>Hocheim3</span> <span class='ocrx_word' id='word_1_94' title='bbox 1204 1966 1283 2051; x_wconf 88' lang='lat' dir='ltr'>jtem</span> <span class='ocrx_word' id='word_1_95' title='bbox 1318 1963 1442 2030; x_wconf 88' lang='lat' dir='ltr'>decima</span> 
     </span>
     <span class='ocr_line' id='line_1_15' title="bbox 135 2057 1442 2148; baseline -0.002 -22"><span class='ocrx_word' id='word_1_96' title='bbox 135 2069 168 2126; x_wconf 88' lang='lat' dir='ltr'>et</span> <span class='ocrx_word' id='word_1_97' title='bbox 192 2068 300 2148; x_wconf 89' lang='lat' dir='ltr'>partes</span> <span class='ocrx_word' id='word_1_98' title='bbox 325 2060 393 2124; x_wconf 92' lang='lat' dir='ltr'>vini</span> <span class='ocrx_word' id='word_1_99' title='bbox 418 2078 479 2147; x_wconf 92' lang='lat' dir='ltr'>que</span> <span class='ocrx_word' id='word_1_100' title='bbox 506 2057 674 2126; x_wconf 90' lang='lat' dir='ltr'>soluuntur</span> <span class='ocrx_word' id='word_1_101' title='bbox 700 2060 898 2125; x_wconf 88' lang='lat' dir='ltr'>monasterio</span> <span class='ocrx_word' id='word_1_102' title='bbox 915 2057 954 2125; x_wconf 92' lang='lat' dir='ltr'>de</span> <span class='ocrx_word' id='word_1_103' title='bbox 979 2060 1098 2125; x_wconf 90' lang='lat' dir='ltr'>vinetis</span> <span class='ocrx_word' id='word_1_104' title='bbox 1125 2061 1195 2126; x_wconf 90' lang='lat' dir='ltr'>sitis</span> <span class='ocrx_word' id='word_1_105' title='bbox 1222 2069 1295 2125; x_wconf 87' lang='lat' dir='ltr'>ante</span> <span class='ocrx_word' id='word_1_106' title='bbox 1319 2067 1442 2147; x_wconf 93' lang='lat' dir='ltr'>portam</span> 
     </span>
     <span class='ocr_line' id='line_1_16' title="bbox 136 2150 1440 2241; baseline -0.002 -20"><span class='ocrx_word' id='word_1_107' title='bbox 136 2175 195 2221; x_wconf 91' lang='lat' dir='ltr'>seu</span> <span class='ocrx_word' id='word_1_108' title='bbox 220 2152 348 2219; x_wconf 86' lang='lat' dir='ltr'>voluam</span> <span class='ocrx_word' id='word_1_109' title='bbox 374 2151 489 2220; x_wconf 91' lang='lat' dir='ltr'>dictam</span> <span class='ocrx_word' id='word_1_110' title='bbox 515 2155 616 2219; x_wconf 89' lang='lat' dir='ltr'>sancti</span> <span class='ocrx_word' id='word_1_111' title='bbox 643 2150 846 2241; x_wconf 81' lang='lat' dir='ltr'>Stephani</span> <span class='ocrx_word' id='word_1_112' title='bbox 884 2162 975 2218; x_wconf 87' lang='lat' dir='ltr'>extra</span> <span class='ocrx_word' id='word_1_113' title='bbox 1002 2173 1113 2221; x_wconf 88' lang='lat' dir='ltr'>muros</span> <span class='ocrx_word' id='word_1_114' title='bbox 1138 2162 1269 2221; x_wconf 90' lang='lat' dir='ltr'>nostros</span> <span class='ocrx_word' id='word_1_115' title='bbox 1297 2151 1440 2220; x_wconf 92' lang='lat' dir='ltr'>herbi-</span> 
     </span>
     <span class='ocr_line' id='line_1_17' title="bbox 134 2245 1439 2338; baseline 0 -24"><span class='ocrx_word' id='word_1_116' title='bbox 134 2247 354 2338; x_wconf 79' lang='lat' dir='ltr'>polenses3</span> <span class='ocrx_word' id='word_1_117' title='bbox 376 2250 455 2335; x_wconf 89' lang='lat' dir='ltr'>jtem</span> <span class='ocrx_word' id='word_1_118' title='bbox 482 2267 600 2313; x_wconf 88' lang='lat' dir='ltr'>census</span> <span class='ocrx_word' id='word_1_119' title='bbox 617 2251 753 2335; x_wconf 87' lang='lat' dir='ltr'>pecunie</span> <span class='ocrx_word' id='word_1_120' title='bbox 766 2250 796 2313; x_wconf 92' lang='lat' dir='ltr'>in</span> <span class='ocrx_word' id='word_1_121' title='bbox 812 2245 1092 2328; x_wconf 71' lang='lat' dir='ltr'>Butelhrunn,</span> <span class='ocrx_word' id='word_1_122' title='bbox 1118 2248 1156 2313; x_wconf 91' lang='lat' dir='ltr'>ad</span> <span class='ocrx_word' id='word_1_123' title='bbox 1171 2246 1325 2313; x_wconf 87' lang='lat' dir='ltr'>tredecim</span> <span class='ocrx_word' id='word_1_124' title='bbox 1339 2246 1439 2314; x_wconf 89' lang='lat' dir='ltr'>libras</span> 
     </span>
     <span class='ocr_line' id='line_1_18' title="bbox 135 2340 1438 2429; baseline -0.002 -21"><span class='ocrx_word' id='word_1_125' title='bbox 135 2352 167 2409; x_wconf 90' lang='lat' dir='ltr'>et</span> <span class='ocrx_word' id='word_1_126' title='bbox 192 2341 345 2410; x_wconf 90' lang='lat' dir='ltr'>tredecim</span> <span class='ocrx_word' id='word_1_127' title='bbox 371 2340 496 2409; x_wconf 89' lang='lat' dir='ltr'>solidos</span> <span class='ocrx_word' id='word_1_128' title='bbox 522 2341 713 2408; x_wconf 88' lang='lat' dir='ltr'>hallensium</span> <span class='ocrx_word' id='word_1_129' title='bbox 730 2342 782 2409; x_wconf 92' lang='lat' dir='ltr'>uel</span> <span class='ocrx_word' id='word_1_130' title='bbox 798 2342 884 2408; x_wconf 89' lang='lat' dir='ltr'>circa</span> <span class='ocrx_word' id='word_1_131' title='bbox 900 2343 1086 2422; x_wconf 61' lang='lat' dir='ltr'>estimatum</span> <span class='ocrx_word' id='word_1_132' title='bbox 1107 2344 1186 2429; x_wconf 89' lang='lat' dir='ltr'>jtem</span> <span class='ocrx_word' id='word_1_133' title='bbox 1202 2345 1307 2408; x_wconf 86' lang='lat' dir='ltr'>orunia</span> <span class='ocrx_word' id='word_1_134' title='bbox 1334 2340 1438 2408; x_wconf 89' lang='lat' dir='ltr'>dehita</span> 
     </span>
     <span class='ocr_line' id='line_1_19' title="bbox 134 2435 1438 2525; baseline 0 -22"><span class='ocrx_word' id='word_1_135' title='bbox 134 2435 219 2504; x_wconf 89' lang='lat' dir='ltr'>bladi</span> <span class='ocrx_word' id='word_1_136' title='bbox 256 2458 313 2506; x_wconf 92' lang='lat' dir='ltr'>seu</span> <span class='ocrx_word' id='word_1_137' title='bbox 353 2457 480 2503; x_wconf 92' lang='lat' dir='ltr'>annone</span> <span class='ocrx_word' id='word_1_138' title='bbox 519 2439 550 2503; x_wconf 89' lang='lat' dir='ltr'>in</span> <span class='ocrx_word' id='word_1_139' title='bbox 585 2437 697 2525; x_wconf 89' lang='lat' dir='ltr'>quihus</span> <span class='ocrx_word' id='word_1_140' title='bbox 731 2435 895 2503; x_wconf 86' lang='lat' dir='ltr'>debitores</span> <span class='ocrx_word' id='word_1_141' title='bbox 930 2439 1108 2525; x_wconf 83' lang='lat' dir='ltr'>quicunque</span> <span class='ocrx_word' id='word_1_142' title='bbox 1145 2445 1293 2525; x_wconf 91' lang='lat' dir='ltr'>tempore</span> <span class='ocrx_word' id='word_1_143' title='bbox 1325 2439 1438 2504; x_wconf 89' lang='lat' dir='ltr'>mortis</span> 
     </span>
     <span class='ocr_line' id='line_1_20' title="bbox 131 2528 1438 2622; baseline 0 -23"><span class='ocrx_word' id='word_1_144' title='bbox 131 2531 288 2622; x_wconf 86' lang='lat' dir='ltr'>quondam</span> <span class='ocrx_word' id='word_1_145' title='bbox 315 2530 512 2598; x_wconf 83' lang='lat' dir='ltr'>venerahilis</span> <span class='ocrx_word' id='word_1_146' title='bbox 527 2529 645 2598; x_wconf 88' lang='lat' dir='ltr'>domini</span> <span class='ocrx_word' id='word_1_147' title='bbox 661 2531 854 2598; x_wconf 88' lang='lat' dir='ltr'>Heinrici</span> <span class='ocrx_word' id='word_1_148' title='bbox 880 2528 1001 2602; x_wconf 84' lang='lat' dir='ltr'>abbatia</span> <span class='ocrx_word' id='word_1_149' title='bbox 1027 2534 1165 2619; x_wconf 83' lang='lat' dir='ltr'>proximi</span> <span class='ocrx_word' id='word_1_150' title='bbox 1190 2553 1235 2600; x_wconf 83' lang='lat' dir='ltr'>ex</span> <span class='ocrx_word' id='word_1_151' title='bbox 1250 2553 1438 2621; x_wconf 90' lang='lat' dir='ltr'>quacunque</span> 
     </span>
     <span class='ocr_line' id='line_1_21' title="bbox 137 2624 757 2696; baseline -0.003 -3"><span class='ocrx_word' id='word_1_152' title='bbox 137 2648 235 2696; x_wconf 89' lang='lat' dir='ltr'>causa</span> <span class='ocrx_word' id='word_1_153' title='bbox 260 2624 450 2693; x_wconf 87' lang='lat' dir='ltr'>tenebantur</span> <span class='ocrx_word' id='word_1_154' title='bbox 474 2624 605 2693; x_wconf 81' lang='lat' dir='ltr'>abbacie</span> <span class='ocrx_word' id='word_1_155' title='bbox 631 2624 757 2692; x_wconf 90' lang='lat' dir='ltr'>ibidem.</span> 
     </span>
    </p>

    <p class='ocr_par' dir='ltr' id='par_1_4' title="bbox 131 2717 1442 4137">
     <span class='ocr_line' id='line_1_22' title="bbox 228 2717 1440 2811; baseline 0.001 -25"><span class='ocrx_word' id='word_1_156' title='bbox 228 2719 387 2788; x_wconf 89' lang='lat' dir='ltr'>Volumus</span> <span class='ocrx_word' id='word_1_157' title='bbox 412 2740 539 2811; x_wconf 91' lang='lat' dir='ltr'>quoque</span> <span class='ocrx_word' id='word_1_158' title='bbox 564 2729 596 2786; x_wconf 89' lang='lat' dir='ltr'>et</span> <span class='ocrx_word' id='word_1_159' title='bbox 617 2718 793 2788; x_wconf 91' lang='lat' dir='ltr'>ordinando</span> <span class='ocrx_word' id='word_1_160' title='bbox 817 2718 975 2804; x_wconf 79' lang='lat' dir='ltr'>iuhemus,</span> <span class='ocrx_word' id='word_1_161' title='bbox 1000 2719 1084 2809; x_wconf 93' lang='lat' dir='ltr'>quod</span> <span class='ocrx_word' id='word_1_162' title='bbox 1109 2727 1177 2786; x_wconf 88' lang='lat' dir='ltr'>tres</span> <span class='ocrx_word' id='word_1_163' title='bbox 1201 2717 1353 2809; x_wconf 85' lang='lat' dir='ltr'>fidedigni</span> <span class='ocrx_word' id='word_1_164' title='bbox 1377 2724 1440 2788; x_wconf 92' lang='lat' dir='ltr'>viri</span> 
     </span>
     <span class='ocr_line' id='line_1_23' title="bbox 135 2813 1440 2906; baseline 0.002 -24"><span class='ocrx_word' id='word_1_165' title='bbox 135 2857 180 2867; x_wconf 88' lang='lat'><em>-</em></span> <span class='ocrx_word' id='word_1_166' title='bbox 205 2814 360 2883; x_wconf 86' lang='lat' dir='ltr'>videlicet</span> <span class='ocrx_word' id='word_1_167' title='bbox 385 2836 466 2883; x_wconf 79' lang='lat' dir='ltr'>unus</span> <span class='ocrx_word' id='word_1_168' title='bbox 494 2824 651 2903; x_wconf 83' lang='lat' dir='ltr'>exparte</span> <span class='ocrx_word' id='word_1_169' title='bbox 678 2867 685 2881; x_wconf 92' lang='lat'><strong>.</strong></span> <span class='ocrx_word' id='word_1_170' title='bbox 712 2867 719 2881; x_wconf 92' lang='lat'><em>.</em></span> <span class='ocrx_word' id='word_1_171' title='bbox 747 2813 888 2897; x_wconf 74' lang='lat' dir='ltr'>abbatis,</span> <span class='ocrx_word' id='word_1_172' title='bbox 927 2824 959 2881; x_wconf 89' lang='lat' dir='ltr'>et</span> <span class='ocrx_word' id='word_1_173' title='bbox 984 2813 1144 2882; x_wconf 88' lang='lat' dir='ltr'>secundus</span> <span class='ocrx_word' id='word_1_174' title='bbox 1167 2835 1211 2882; x_wconf 87' lang='lat' dir='ltr'>ex</span> <span class='ocrx_word' id='word_1_175' title='bbox 1239 2826 1331 2906; x_wconf 89' lang='lat' dir='ltr'>parte</span> <span class='ocrx_word' id='word_1_176' title='bbox 1354 2838 1440 2885; x_wconf 90' lang='lat' dir='ltr'>coo-</span> 
     </span>
     <span class='ocr_line' id='line_1_24' title="bbox 134 2908 1438 3000; baseline 0.001 -23"><span class='ocrx_word' id='word_1_177' title='bbox 134 2920 262 2995; x_wconf 72' lang='lat' dir='ltr'>ueotus,</span> <span class='ocrx_word' id='word_1_178' title='bbox 288 2932 326 2977; x_wconf 90' lang='lat' dir='ltr'>ac</span> <span class='ocrx_word' id='word_1_179' title='bbox 350 2913 469 2978; x_wconf 88' lang='lat' dir='ltr'>tercius</span> <span class='ocrx_word' id='word_1_180' title='bbox 496 2930 538 2976; x_wconf 84' lang='lat' dir='ltr'>ex</span> <span class='ocrx_word' id='word_1_181' title='bbox 564 2920 654 2992; x_wconf 89' lang='lat' dir='ltr'>parte</span> <span class='ocrx_word' id='word_1_182' title='bbox 678 2961 709 2976; x_wconf 89' lang='lat'>..</span> <span class='ocrx_word' id='word_1_183' title='bbox 737 2912 883 3000; x_wconf 90' lang='lat' dir='ltr'>episcopi</span> <span class='ocrx_word' id='word_1_184' title='bbox 908 2908 1234 2999; x_wconf 84' lang='lat' dir='ltr'>herbipolensis</span> <span class='ocrx_word' id='word_1_185' title='bbox 1250 2950 1295 2960; x_wconf 87' lang='lat'><em>-</em></span> <span class='ocrx_word' id='word_1_186' title='bbox 1311 2910 1349 2978; x_wconf 91' lang='lat' dir='ltr'>ad</span> <span class='ocrx_word' id='word_1_187' title='bbox 1376 2911 1438 2978; x_wconf 90' lang='lat' dir='ltr'>hoc</span> 
     </span>
     <span class='ocr_line' id='line_1_25' title="bbox 132 3002 1441 3095; baseline 0 -24"><span class='ocrx_word' id='word_1_188' title='bbox 132 3008 322 3094; x_wconf 89' lang='lat' dir='ltr'>quantocius</span> <span class='ocrx_word' id='word_1_189' title='bbox 338 3002 505 3094; x_wconf 88' lang='lat' dir='ltr'>deputandj</span> <span class='ocrx_word' id='word_1_190' title='bbox 531 3005 675 3072; x_wconf 92' lang='lat' dir='ltr'>redditus</span> <span class='ocrx_word' id='word_1_191' title='bbox 700 3013 733 3071; x_wconf 89' lang='lat' dir='ltr'>et</span> <span class='ocrx_word' id='word_1_192' title='bbox 758 3026 876 3072; x_wconf 90' lang='lat' dir='ltr'>census</span> <span class='ocrx_word' id='word_1_193' title='bbox 894 3003 1057 3092; x_wconf 88' lang='lat' dir='ltr'>predictos</span> <span class='ocrx_word' id='word_1_194' title='bbox 1085 3003 1242 3093; x_wconf 87' lang='lat' dir='ltr'>colligant</span> <span class='ocrx_word' id='word_1_195' title='bbox 1254 3003 1441 3095; x_wconf 73' lang='lat' dir='ltr'>diligenter,</span> 
     </span>
     <span class='ocr_line' id='line_1_26' title="bbox 134 3097 1441 3189; baseline 0.002 -23"><span class='ocrx_word' id='word_1_196' title='bbox 134 3097 335 3189; x_wconf 84' lang='lat' dir='ltr'>fideliterque</span> <span class='ocrx_word' id='word_1_197' title='bbox 360 3110 568 3184; x_wconf 76' lang='lat' dir='ltr'>conseruent,</span> <span class='ocrx_word' id='word_1_198' title='bbox 603 3121 641 3167; x_wconf 91' lang='lat' dir='ltr'>ac</span> <span class='ocrx_word' id='word_1_199' title='bbox 674 3098 862 3187; x_wconf 79' lang='lat' dir='ltr'>dispensent</span> <span class='ocrx_word' id='word_1_200' title='bbox 897 3102 1060 3188; x_wconf 86' lang='lat' dir='ltr'>sagaciter</span> <span class='ocrx_word' id='word_1_201' title='bbox 1094 3102 1126 3166; x_wconf 92' lang='lat' dir='ltr'>in</span> <span class='ocrx_word' id='word_1_202' title='bbox 1161 3120 1240 3167; x_wconf 84' lang='lat' dir='ltr'>rsus</span> <span class='ocrx_word' id='word_1_203' title='bbox 1277 3100 1441 3189; x_wconf 89' lang='lat' dir='ltr'>predictos</span> 
     </span>
     <span class='ocr_line' id='line_1_27' title="bbox 136 3191 1440 3283; baseline 0.001 -22"><span class='ocrx_word' id='word_1_204' title='bbox 136 3215 206 3261; x_wconf 91' lang='lat' dir='ltr'>cum</span> <span class='ocrx_word' id='word_1_205' title='bbox 234 3198 317 3261; x_wconf 89' lang='lat' dir='ltr'>scitu</span> <span class='ocrx_word' id='word_1_206' title='bbox 343 3244 349 3258; x_wconf 96' lang='lat'><strong><em>.</em></strong></span> <span class='ocrx_word' id='word_1_207' title='bbox 377 3245 384 3260; x_wconf 91' lang='lat'><strong>.</strong></span> <span class='ocrx_word' id='word_1_208' title='bbox 410 3191 533 3261; x_wconf 91' lang='lat' dir='ltr'>abbatis</span> <span class='ocrx_word' id='word_1_209' title='bbox 560 3205 592 3261; x_wconf 86' lang='lat' dir='ltr'>et</span> <span class='ocrx_word' id='word_1_210' title='bbox 625 3246 632 3260; x_wconf 90' lang='lat'><strong><em>.</em></strong></span> <span class='ocrx_word' id='word_1_211' title='bbox 672 3246 679 3260; x_wconf 93' lang='lat'><strong>.</strong></span> <span class='ocrx_word' id='word_1_212' title='bbox 712 3203 891 3262; x_wconf 88' lang='lat' dir='ltr'>conuentus</span> <span class='ocrx_word' id='word_1_213' title='bbox 917 3214 976 3260; x_wconf 89' lang='lat' dir='ltr'>seu</span> <span class='ocrx_word' id='word_1_214' title='bbox 1002 3197 1133 3261; x_wconf 92' lang='lat' dir='ltr'>maioris</span> <span class='ocrx_word' id='word_1_215' title='bbox 1160 3197 1257 3283; x_wconf 91' lang='lat' dir='ltr'>partis</span> <span class='ocrx_word' id='word_1_216' title='bbox 1295 3195 1440 3263; x_wconf 87' lang='lat' dir='ltr'>eiusdem</span> 
     </span>
     <span class='ocr_line' id='line_1_28' title="bbox 134 3287 1440 3377; baseline -0.001 -21"><span class='ocrx_word' id='word_1_217' title='bbox 134 3288 188 3356; x_wconf 90' lang='lat' dir='ltr'>uel</span> <span class='ocrx_word' id='word_1_218' title='bbox 214 3287 327 3354; x_wconf 90' lang='lat' dir='ltr'>saltem</span> <span class='ocrx_word' id='word_1_219' title='bbox 366 3337 373 3352; x_wconf 94' lang='lat'>.</span> <span class='ocrx_word' id='word_1_220' title='bbox 412 3338 420 3355; x_wconf 91' lang='lat'><strong>.</strong></span> <span class='ocrx_word' id='word_1_221' title='bbox 454 3291 572 3377; x_wconf 91' lang='lat' dir='ltr'>prioris</span> <span class='ocrx_word' id='word_1_222' title='bbox 607 3299 638 3355; x_wconf 88' lang='lat' dir='ltr'>et</span> <span class='ocrx_word' id='word_1_223' title='bbox 675 3298 810 3377; x_wconf 90' lang='lat' dir='ltr'>quatuor</span> <span class='ocrx_word' id='word_1_224' title='bbox 847 3288 980 3355; x_wconf 79' lang='lat' dir='ltr'>fratrum</span> <span class='ocrx_word' id='word_1_225' title='bbox 1021 3292 1183 3357; x_wconf 89' lang='lat' dir='ltr'>seniorum</span> <span class='ocrx_word' id='word_1_226' title='bbox 1222 3289 1440 3377; x_wconf 89' lang='lat' dir='ltr'>capitularium</span> 
     </span>
     <span class='ocr_line' id='line_1_29' title="bbox 132 3382 1439 3473; baseline 0 -23"><span class='ocrx_word' id='word_1_227' title='bbox 132 3382 261 3466; x_wconf 76' lang='lat' dir='ltr'>ibidem,</span> <span class='ocrx_word' id='word_1_228' title='bbox 285 3384 435 3450; x_wconf 91' lang='lat' dir='ltr'>raciones</span> <span class='ocrx_word' id='word_1_229' title='bbox 452 3387 552 3450; x_wconf 90' lang='lat' dir='ltr'>eciam</span> <span class='ocrx_word' id='word_1_230' title='bbox 570 3386 732 3473; x_wconf 89' lang='lat' dir='ltr'>inscriptis</span> <span class='ocrx_word' id='word_1_231' title='bbox 750 3383 886 3471; x_wconf 84' lang='lat' dir='ltr'>singulis</span> <span class='ocrx_word' id='word_1_232' title='bbox 903 3386 994 3451; x_wconf 93' lang='lat' dir='ltr'>annis</span> <span class='ocrx_word' id='word_1_233' title='bbox 1008 3385 1310 3452; x_wconf 88' lang='lat' dir='ltr'>amministracionis</span> <span class='ocrx_word' id='word_1_234' title='bbox 1327 3404 1439 3451; x_wconf 91' lang='lat' dir='ltr'>eorum</span> 
     </span>
     <span class='ocr_line' id='line_1_30' title="bbox 131 3476 1442 3567; baseline 0 -22"><span class='ocrx_word' id='word_1_235' title='bbox 131 3480 166 3566; x_wconf 86' lang='lat' dir='ltr'>jn</span> <span class='ocrx_word' id='word_1_236' title='bbox 192 3479 334 3545; x_wconf 88' lang='lat' dir='ltr'>crastino</span> <span class='ocrx_word' id='word_1_237' title='bbox 360 3476 595 3567; x_wconf 86' lang='lat' dir='ltr'>purificacionis</span> <span class='ocrx_word' id='word_1_238' title='bbox 621 3487 653 3546; x_wconf 86' lang='lat' dir='ltr'>et</span> <span class='ocrx_word' id='word_1_239' title='bbox 673 3481 709 3565; x_wconf 88' lang='lat' dir='ltr'>jn</span> <span class='ocrx_word' id='word_1_240' title='bbox 736 3480 877 3545; x_wconf 91' lang='lat' dir='ltr'>crastino</span> <span class='ocrx_word' id='word_1_241' title='bbox 903 3483 1004 3545; x_wconf 89' lang='lat' dir='ltr'>sancti</span> <span class='ocrx_word' id='word_1_242' title='bbox 1027 3478 1111 3547; x_wconf 87' lang='lat' dir='ltr'>Galli</span> <span class='ocrx_word' id='word_1_243' title='bbox 1137 3477 1251 3544; x_wconf 80' lang='lat' dir='ltr'>facturi</span> <span class='ocrx_word' id='word_1_244' title='bbox 1278 3530 1310 3544; x_wconf 93' lang='lat'>..</span> <span class='ocrx_word' id='word_1_245' title='bbox 1337 3477 1442 3546; x_wconf 89' lang='lat' dir='ltr'>abbati</span> 
     </span>
     <span class='ocr_line' id='line_1_31' title="bbox 135 3571 1440 3663; baseline 0.001 -25"><span class='ocrx_word' id='word_1_246' title='bbox 135 3581 167 3638; x_wconf 89' lang='lat' dir='ltr'>et</span> <span class='ocrx_word' id='word_1_247' title='bbox 192 3576 365 3641; x_wconf 81' lang='lat' dir='ltr'>concentui</span> <span class='ocrx_word' id='word_1_248' title='bbox 399 3593 458 3640; x_wconf 91' lang='lat' dir='ltr'>seu</span> <span class='ocrx_word' id='word_1_249' title='bbox 495 3575 543 3641; x_wconf 88' lang='lat' dir='ltr'>eis</span> <span class='ocrx_word' id='word_1_250' title='bbox 581 3592 661 3662; x_wconf 90' lang='lat' dir='ltr'>quos</span> <span class='ocrx_word' id='word_1_251' title='bbox 688 3572 726 3639; x_wconf 94' lang='lat' dir='ltr'>ad</span> <span class='ocrx_word' id='word_1_252' title='bbox 752 3571 814 3640; x_wconf 92' lang='lat' dir='ltr'>hoc</span> <span class='ocrx_word' id='word_1_253' title='bbox 846 3572 995 3640; x_wconf 85' lang='lat' dir='ltr'>duxerint</span> <span class='ocrx_word' id='word_1_254' title='bbox 1027 3571 1236 3663; x_wconf 86' lang='lat' dir='ltr'>deputandos.</span> <span class='ocrx_word' id='word_1_255' title='bbox 1297 3573 1440 3654; x_wconf 85' lang='lat' dir='ltr'>Quorum</span> 
     </span>
     <span class='ocr_line' id='line_1_32' title="bbox 136 3666 1440 3758; baseline 0.001 -24"><span class='ocrx_word' id='word_1_256' title='bbox 136 3666 347 3735; x_wconf 89' lang='lat' dir='ltr'>collectorum</span> <span class='ocrx_word' id='word_1_257' title='bbox 373 3669 401 3735; x_wconf 92' lang='lat' dir='ltr'>si</span> <span class='ocrx_word' id='word_1_258' title='bbox 427 3670 497 3756; x_wconf 88' lang='lat' dir='ltr'>quis</span> <span class='ocrx_word' id='word_1_259' title='bbox 523 3677 596 3735; x_wconf 88' lang='lat' dir='ltr'>ante</span> <span class='ocrx_word' id='word_1_260' title='bbox 622 3668 868 3757; x_wconf 88' lang='lat' dir='ltr'>conplecionem</span> <span class='ocrx_word' id='word_1_261' title='bbox 901 3671 1143 3758; x_wconf 89' lang='lat' dir='ltr'>reempcionom</span> <span class='ocrx_word' id='word_1_262' title='bbox 1175 3688 1233 3734; x_wconf 91' lang='lat' dir='ltr'>seu</span> <span class='ocrx_word' id='word_1_263' title='bbox 1258 3689 1440 3758; x_wconf 89' lang='lat' dir='ltr'>recupera-</span> 
     </span>
     <span class='ocr_line' id='line_1_33' title="bbox 136 3761 1441 3832; baseline 0 -3"><span class='ocrx_word' id='word_1_264' title='bbox 136 3764 263 3830; x_wconf 90' lang='lat' dir='ltr'>cionum</span> <span class='ocrx_word' id='word_1_265' title='bbox 287 3762 444 3830; x_wconf 89' lang='lat' dir='ltr'>bonorum</span> <span class='ocrx_word' id='word_1_266' title='bbox 470 3773 503 3830; x_wconf 89' lang='lat' dir='ltr'>et</span> <span class='ocrx_word' id='word_1_267' title='bbox 527 3761 703 3830; x_wconf 90' lang='lat' dir='ltr'>reddituum</span> <span class='ocrx_word' id='word_1_268' title='bbox 729 3763 930 3830; x_wconf 88' lang='lat' dir='ltr'>solucionem</span> <span class='ocrx_word' id='word_1_269' title='bbox 948 3761 1125 3832; x_wconf 86' lang='lat' dir='ltr'>debitorum</span> <span class='ocrx_word' id='word_1_270' title='bbox 1150 3783 1278 3831; x_wconf 89' lang='lat' dir='ltr'>necnon</span> <span class='ocrx_word' id='word_1_271' title='bbox 1305 3761 1441 3831; x_wconf 86' lang='lat' dir='ltr'>edifica-</span> 
     </span>
     <span class='ocr_line' id='line_1_34' title="bbox 136 3856 1441 3948; baseline 0.002 -24"><span class='ocrx_word' id='word_1_272' title='bbox 136 3860 263 3925; x_wconf 90' lang='lat' dir='ltr'>cionem</span> <span class='ocrx_word' id='word_1_273' title='bbox 300 3856 496 3924; x_wconf 89' lang='lat' dir='ltr'>edihciorum</span> <span class='ocrx_word' id='word_1_274' title='bbox 523 3856 698 3947; x_wconf 91' lang='lat' dir='ltr'>dequibus</span> <span class='ocrx_word' id='word_1_275' title='bbox 733 3858 905 3948; x_wconf 89' lang='lat' dir='ltr'>predicitur</span> <span class='ocrx_word' id='word_1_276' title='bbox 944 3856 1144 3941; x_wconf 70' lang='lat' dir='ltr'>decesserit,</span> <span class='ocrx_word' id='word_1_277' title='bbox 1179 3857 1233 3925; x_wconf 92' lang='lat' dir='ltr'>uel</span> <span class='ocrx_word' id='word_1_278' title='bbox 1259 3858 1322 3926; x_wconf 87' lang='lat' dir='ltr'>alia</span> <span class='ocrx_word' id='word_1_279' title='bbox 1343 3879 1441 3926; x_wconf 89' lang='lat' dir='ltr'>causa</span> 
     </span>
     <span class='ocr_line' id='line_1_35' title="bbox 135 3952 1439 4044; baseline 0.002 -25"><span class='ocrx_word' id='word_1_280' title='bbox 135 3973 322 4041; x_wconf 91' lang='lat' dir='ltr'>quacunque</span> <span class='ocrx_word' id='word_1_281' title='bbox 348 3955 507 4036; x_wconf 79' lang='lat' dir='ltr'>cesserit,</span> <span class='ocrx_word' id='word_1_282' title='bbox 544 3955 669 4020; x_wconf 91' lang='lat' dir='ltr'>ineius</span> <span class='ocrx_word' id='word_1_283' title='bbox 696 3952 803 4019; x_wconf 89' lang='lat' dir='ltr'>locum</span> <span class='ocrx_word' id='word_1_284' title='bbox 828 3955 983 4041; x_wconf 87' lang='lat' dir='ltr'>quociens</span> <span class='ocrx_word' id='word_1_285' title='bbox 1009 3974 1089 4044; x_wconf 90' lang='lat' dir='ltr'>opus</span> <span class='ocrx_word' id='word_1_286' title='bbox 1114 3953 1211 4021; x_wconf 87' lang='lat' dir='ltr'>fuerit</span> <span class='ocrx_word' id='word_1_287' title='bbox 1236 3955 1264 4022; x_wconf 87' lang='lat' dir='ltr'>is</span> <span class='ocrx_word' id='word_1_288' title='bbox 1290 3956 1342 4044; x_wconf 91' lang='lat' dir='ltr'>qui</span> <span class='ocrx_word' id='word_1_289' title='bbox 1368 3975 1439 4021; x_wconf 90' lang='lat' dir='ltr'>eum</span> 
     </span>
     <span class='ocr_line' id='line_1_36' title="bbox 136 4045 974 4137; baseline 0.001 -24"><span class='ocrx_word' id='word_1_290' title='bbox 136 4045 345 4136; x_wconf 89' lang='lat' dir='ltr'>deputauerat</span> <span class='ocrx_word' id='word_1_291' title='bbox 369 4045 490 4137; x_wconf 89' lang='lat' dir='ltr'>absque</span> <span class='ocrx_word' id='word_1_292' title='bbox 515 4068 605 4115; x_wconf 89' lang='lat' dir='ltr'>mora</span> <span class='ocrx_word' id='word_1_293' title='bbox 631 4047 812 4137; x_wconf 84' lang='lat' dir='ltr'>subrogare</span> <span class='ocrx_word' id='word_1_294' title='bbox 837 4045 974 4115; x_wconf 89' lang='lat' dir='ltr'>dehehit.</span> 
     </span>
    </p>
   </div>
   <div class='ocr_carea' id='block_1_3' title="bbox 0 0 1584 4732">
    <p class='ocr_par' dir='ltr' id='par_1_5' title="bbox 0 0 1584 4732">
     <span class='ocr_line' id='line_1_37' title="bbox 0 0 1584 4732; baseline 0 1"><span class='ocrx_word' id='word_1_295' title='bbox 0 0 1584 4732; x_wconf 95' lang='lat' dir='ltr'> </span> 
     </span>
    </p>
   </div>
  </div>
 </body>
</html>
