3158 4732
136 515 179 583 ta
684 510 891 579 bionumanta

138 702 281 769 adminus
309 710 421 790 quater
445 705 476 768 in
502 721 586 768 anno
615 739 657 747 -
681 698 837 766 videlicet
862 702 893 766 in
920 699 1013 768 lestis
1039 711 1175 791 quatuor
1200 709 1382 788 temporum
1408 738 1450 746 -

138 798 222 864 etsi
247 795 301 863 uel
327 800 483 885 quociens
510 793 654 862 infirmos
681 793 875 861 decumbere
910 798 942 863 in
968 799 1040 886 ipsa
1065 793 1238 864 infirmaria
1272 796 1450 882 contigerit

138 889 275 979 singulis
302 891 466 958 mensibus
492 893 655 957 racionem
682 888 837 971 lecturus,
866 892 913 976 jta
951 912 1031 958 sane
1056 889 1140 979 quod
1165 889 1284 956 iratres
1309 888 1449 956 decum-

135 983 250 1053 bentes
278 994 311 1051 et
335 983 448 1053 infirmi
475 984 637 1051 dumtaxat
663 982 702 1050 de
728 982 820 1050 bouis
847 986 948 1073 ipsius
969 983 1147 1072 Jnfirmarie
1173 993 1205 1050 et
1239 982 1278 1050 de
1303 986 1448 1072 ipsorum

136 1079 332 1147 infirmorum
358 1079 542 1170 prebendis,
579 1100 636 1145 scu
664 1080 741 1167 ipsis
767 1075 987 1148 deficientibus
1025 1089 1078 1147 aut
1113 1101 1177 1146 uon
1216 1077 1448 1145 sullicientibus

138 1195 196 1263 per
221 1177 344 1264 ipsum.
362 1227 369 1242 .
387 1175 591 1243 cellerarium
606 1173 646 1240 de
672 1172 763 1240 bonis
780 1183 960 1240 conuentus
985 1175 1198 1243 conmunibus
1224 1182 1449 1261 procurentur,

137 1268 190 1356 alij
226 1289 309 1336 vero
345 1268 464 1337 iratres
505 1270 614 1335 minuti
652 1267 703 1334 uel
739 1267 819 1334 alias
856 1268 1021 1336 consolari
1061 1267 1217 1337 debentes
1256 1265 1370 1334 saltem
1408 1266 1448 1334 de

136 1363 274 1430 licencia
301 1414 338 1429 ..
365 1367 483 1453 prioris
508 1371 541 1429 ut
565 1361 738 1452 predicitur
762 1365 792 1429 in
819 1364 888 1451 ipsa
915 1361 1086 1431 infirmaria
1112 1363 1152 1430 de
1178 1366 1245 1431 suis
1273 1360 1448 1450 prebendis

136 1466 190 1524 aut
214 1460 243 1524 si
268 1456 432 1525 voluerint
456 1455 583 1524 aliunde
609 1465 794 1540 vescantur,
818 1460 880 1524 nisi
897 1479 1054 1526 successu
1068 1461 1223 1546 temporis
1245 1453 1330 1523 bona
1345 1459 1448 1546 ipsius

136 1550 310 1619 infirmarie
336 1552 418 1619 adeo
445 1560 729 1638 augmentarentur
765 1550 849 1640 quod
882 1551 921 1619 de
947 1553 1069 1620 eisdem
1102 1550 1171 1618 lieri
1198 1559 1335 1641 possent
1359 1572 1446 1618 con-

137 1647 324 1714 solaciones
348 1649 427 1734 ipsis
453 1645 603 1712 iratribus
619 1648 649 1710 in
675 1647 744 1733 ipsa
770 1643 941 1711 infirmaria
956 1647 1039 1714 ultra
1059 1646 1235 1714 eorundem
1251 1644 1446 1736 prebendas.

137 1739 238 1822 Quem
265 1739 391 1828 quidem
418 1741 604 1828 magistrum
627 1735 826 1826 julirmorum
854 1743 924 1828 ipse
949 1751 1130 1809 conuentus
1165 1735 1218 1808 u'cl
1245 1743 1348 1807 maior
1374 1744 1446 1810 eius

135 1855 210 1923 pars
236 1834 352 1902 habeat
377 1833 526 1922 eligere;
562 1843 782 1924 perpetuoque
808 1833 951 1901 eiusdem
979 1838 1124 1924 magistri
1152 1834 1270 1901 electio
1304 1855 1363 1901 seu
1390 1837 1446 1901 in-

136 1931 265 1996 stitucio
298 1939 331 1995 et
357 1927 528 1995 destitucio
554 1931 602 1995 sic
634 1931 816 2018 pertineant
848 1926 886 1994 ad
922 1940 1115 1997 conuentum
1151 1928 1278 1996 ibidem.
1328 1927 1446 1998 Nullus

137 2025 238 2089 eciam
265 2022 366 2089 irater
391 2024 473 2090 intra
500 2032 590 2112 septa
615 2025 716 2112 ipsius
732 2024 920 2109 monasterii
940 2033 1032 2091 extra
1050 2022 1257 2093 refectorium
1285 2044 1445 2092 commune

134 2127 288 2185 vescatur
311 2119 374 2186 nisi
399 2119 431 2184 in
456 2114 628 2184 infirmaria
653 2137 696 2183 ex
722 2117 1025 2186 causaraeionabili
1050 2129 1083 2185 at
1106 2118 1146 2185 de
1170 2118 1308 2185 licencia
1329 2117 1444 2185 saltem

134 2215 253 2302 prioris
279 2210 424 2302 speciali.

229 2307 369 2396 Jusuper
395 2307 561 2374 statuimus
584 2314 617 2372 et
642 2307 823 2388 sancimus,
862 2305 946 2394 quod
982 2315 1045 2374 tem
1073 2359 1080 2374 .
1109 2358 1116 2373 .
1144 2305 1243 2374 abbas
1280 2327 1372 2396 quam
1401 2360 1443 2375 ..

134 2411 314 2470 conuentus
340 2399 474 2490 predicti
501 2399 637 2487 siugulis
663 2398 775 2468 diebus
808 2400 1007 2470 elemosinas
1040 2401 1228 2469 dernensis
1265 2403 1333 2468 suis
1359 2424 1444 2491 pau·

134 2494 265 2586 peribus
291 2492 544 2562 mendicantibus
570 2502 779 2581 anteportam
795 2499 990 2564 anteriorem
1007 2499 1110 2585 ipsius
1136 2497 1325 2582 monasteri]
1353 2518 1446 2564 more

135 2590 235 2658 solito
261 2599 356 2678 atque
381 2591 435 2678 pio
459 2586 579 2654 saciant
604 2591 744 2674 erogari.

228 2685 384 2753 Preterea
410 2680 595 2752 ordinamus
621 2692 653 2750 et
677 2682 836 2770 iubemus,
861 2684 946 2773 quod
967 2685 1168 2755 lectisternia
1191 2693 1224 2752 et
1248 2687 1445 2753 vestimenta

134 2778 289 2847 dictorum
315 2777 448 2845 fratrum
481 2780 689 2845 moriencium
725 2781 784 2869 ipsi
811 2777 984 2848 infirmarie
1010 2780 1228 2871 applicentur,
1264 2800 1323 2866 pro
1350 2778 1443 2847 bonis

132 2876 234 2964 ipsius
260 2871 518 2960 augmentandis,
543 2893 582 2939 ac
596 2875 696 2939 eciam
712 2871 863 2940 iratribus
877 2872 953 2940 inibi
969 2873 1233 2942 decumbentibus
1250 2873 1443 2962 pauperibus

131 2968 312 3036 vestiendis
339 2965 564 3036 lectilccandis
591 2987 649 3035 seu
675 2966 756 3034 alias
781 2966 1003 3056 procurandis.

227 3062 311 3128 ltem
346 3061 530 3130 ordinamus
566 3059 755 3146 statuendo,
793 3060 878 3149 quod
903 3065 1009 3129 omnia
1035 3070 1069 3129 et
1094 3059 1219 3148 singula
1245 3060 1327 3130 bona
1365 3063 1439 3130 dicti

133 3164 313 3222 conuentus
339 3153 377 3220 ad
402 3154 595 3244 prebendam
630 3176 818 3224 communem
858 3159 1042 3245 spectancia
1067 3194 1114 3204 -—
1138 3154 1291 3223 uidelicet
1316 3178 1377 3245 que
1402 3156 1443 3223 ad

132 3249 237 3317 allicia
264 3247 437 3315 cellerarie
462 3268 544 3315 cene
582 3258 616 3314 et
651 3248 771 3338 oblagij
805 3249 960 3318 hactenus
996 3247 1199 3340 pertinebant
1234 3291 1277 3300 -
1312 3271 1440 3319 necnon

130 3341 216 3411 bona
242 3345 460 3433 suprascripta
493 3362 555 3430 que
588 3340 627 3408 de
653 3341 784 3410 abbacia
812 3342 1092 3411 dimembrauimus
1128 3365 1184 3411 seu
1217 3344 1383 3413 diuisimus
1409 3354 1443 3412 et

132 3439 304 3504 conuentui
331 3436 507 3504 adiecimus
532 3456 591 3503 seu
606 3438 781 3521 uniuimus,
806 3442 953 3528 exceptis
969 3448 1076 3506 tamen
1100 3435 1267 3528 bonisque
1283 3441 1440 3529 prioratui

132 3539 165 3597 et
185 3527 363 3616 julirmarie
388 3529 623 3620 deputauimus,
645 3539 679 3596 ut
704 3532 877 3618 prelertur,
903 3543 935 3600 et
960 3533 1084 3600 fructus
1108 3531 1181 3600 inde
1205 3535 1439 3623 proueniantes

129 3625 288 3713 percipiat
314 3622 505 3690 cellerarius
520 3626 707 3710 monasterij
735 3623 926 3714 huiusmodj,
952 3636 986 3692 et
1009 3625 1209 3695 administret
1233 3626 1273 3693 de
1301 3626 1439 3695 consilio

132 3727 164 3784 et
190 3718 273 3785 scitu
300 3714 433 3783 duorum
458 3716 589 3784 lratrum
611 3714 856 3805 fidedlguorum,
881 3720 920 3787 ad
946 3720 1008 3788 boc
1030 3720 1165 3809 singulis
1191 3723 1284 3787 annis
1310 3741 1328 3785 a
1354 3741 1439 3787 eon-

129 3820 227 3878 uentu
255 3829 313 3878 seu
338 3813 452 3877 maiori
477 3820 568 3900 parte
593 3810 862 3901 deputandorum:
888 3816 940 3901 qui
965 3812 1089 3901 quidem
1116 3815 1306 3883 cellerarius
1331 3823 1367 3879 vt
1392 3819 1440 3882 sic

132 3906 307 3972 conuentui
333 3925 449 3993 panem
475 3908 582 3973 vinum
600 3904 719 3972 cibaria
745 3906 833 3992 ligna
859 3927 977 3997 cappas
990 3909 1120 3999 pellicia
1133 3907 1257 3975 calcios
1281 3908 1440 3978 minuales
