3150 5166
622 1319 711 1393 1350,
731 1314 779 1377 dte
799 1318 848 1377 25.
867 1314 1014 1379 lebruarlt.

256 1494 452 1562 innomine
478 1492 597 1562 domini
623 1512 729 1560 amen.

257 1627 467 1696 Albertus
493 1629 544 1695 dei
569 1631 679 1716 gracia
705 1625 830 1693 clectus
854 1629 887 1695 in
904 1630 1092 1721 episcopum
1117 1628 1479 1720 herbipolensem

163 1722 371 1791 confirmatus
397 1723 436 1790 ad
461 1727 508 1791 rei
534 1725 722 1789 memoriam
748 1724 988 1811 sempiternum.

259 1859 438 1940 Quoniam,
476 1866 512 1924 ut
545 1861 629 1925 sacri
655 1879 800 1927 canones
834 1867 929 1949 atque
965 1858 1062 1949 leges
1097 1868 1276 1946 testantur,
1307 1858 1395 1929 bone
1427 1860 1479 1927 rei

165 1952 243 2019 dare
286 1955 497 2041 patrocinium
537 1975 595 2021 seu
634 1952 816 2021 consultum
848 1952 965 2020 nedum
1002 1956 1167 2043 presentis
1200 1958 1268 2022 vite
1301 1952 1479 2023 subsidium

166 2047 313 2115 obtinere
339 2045 398 2115 scd
423 2051 525 2115 eciam
557 2057 714 2138 perpetue
747 2050 1026 2117 remuneracionis
1049 2050 1204 2138 premium
1237 2052 1380 2121 cernitur
1410 2068 1478 2117 ex-

165 2152 314 2232 spectare
348 2143 524 2209 secundum
560 2143 611 2208 dci
644 2139 883 2232 prouidenciam
916 2144 1121 2231 graciosum,
1154 2152 1187 2210 et
1220 2145 1294 2232 quia
1325 2142 1481 2232 religioni

166 2258 225 2304 scu
252 2237 421 2323 religiosis
447 2242 597 2327 personis
624 2257 798 2327 earumque
823 2237 1007 2329 precatibus
1032 2236 1281 2306 racionabilibus
1297 2258 1337 2306 ac
1352 2237 1481 2307 deuotis

165 2331 283 2398 multus
308 2331 401 2397 l'auor
427 2329 561 2399 debetur
586 2341 648 2397 tam
675 2332 825 2402 diuinitus
850 2353 942 2423 quarn
967 2331 1149 2401 humanitus
1175 2335 1285 2422 vtique
1310 2334 1479 2425 premiac-

166 2416 239 2507 du's,
274 2435 446 2515 propterea
481 2447 542 2493 nos
568 2426 673 2493 diuina
698 2429 808 2515 gracie
832 2430 1011 2517 inspirante
1035 2427 1076 2494 de
1100 2448 1265 2495 consensu
1290 2438 1324 2496 et
1348 2426 1481 2496 collau-

165 2519 301 2587 dacione
334 2524 503 2611 expressis
535 2519 695 2588 beniuolis
729 2529 763 2588 et
794 2520 944 2608 benignis
980 2520 1171 2589 dilectorum
1204 2524 1236 2589 in
1267 2520 1398 2591 Christo
1434 2575 1443 2589 .
1471 2575 1479 2589 .

166 2613 279 2681 decani
313 2620 481 2704 tociusque
515 2615 644 2704 capituli
679 2614 822 2682 ecclesie
855 2624 970 2689 nostre
991 2614 1329 2706 herbipolensis
1361 2638 1480 2706 quam-

165 2708 308 2799 pluribus
347 2731 464 2797 nempe
505 2708 693 2775 tractatibus
727 2718 760 2776 et
799 2708 1092 2799 deliberacionibus
1133 2710 1359 2799 capitularibus
1393 2734 1479 2780 nec-

165 2826 230 2871 non
252 2806 335 2890 juris
362 2802 640 2893 solempnitatibus
667 2801 782 2870 debitis
808 2814 841 2871 et
864 2808 1030 2873 consuetis
1062 2809 1093 2873 in
1120 2805 1196 2873 loco
1222 2805 1307 2872 dicte
1333 2806 1479 2874 ecclesie

166 2898 334 2987 capitulari
371 2920 410 2964 ac
449 2896 647 2986 temporibus
691 2903 858 2987 oportunis
901 2902 1041 2989 desuper
1075 2900 1190 2968 habitis
1226 2911 1259 2967 ut
1300 2910 1352 2969 cst
1383 2904 1479 2987 juris,

166 2994 340 3060 ecclesiam
367 2991 600 3083 parrochialem
635 2991 697 3059 hoc
730 3003 781 3061 est
813 2997 1058 3084 juspatronatus
1090 2995 1234 3062 ecclesie
1267 2995 1479 3084 parrochialis

163 3090 198 3175 jn
236 3088 431 3155 Brctlcld
471 3089 625 3178 dyocesis
662 3086 1060 3177 babenbergensis,
1104 3090 1189 3177 quod
1234 3090 1359 3179 quidem
1398 3094 1478 3177 jus-

166 3192 354 3272 patrnnatus
380 3182 418 3249 ad
444 3205 506 3250 uos
532 3204 570 3249 ac
602 3186 704 3271 ipsam
738 3184 912 3250 ecclesiam
944 3194 1088 3251 nostram
1118 3183 1479 3273 herbipolensem

167 3279 344 3344 dinoscitur
369 3282 545 3368 pertinere,
571 3298 642 3343 curn
668 3280 736 3345 suis
757 3277 883 3363 juribus
910 3278 1149 3367 quibuscunque
1174 3277 1268 3345 nobis
1294 3280 1420 3367 quidem
1447 3291 1479 3348 et

167 3375 227 3461 ipsi
261 3373 404 3440 ecclesie
436 3370 746 3461 herbipolensi
786 3374 817 3438 in
854 3372 937 3439 dicta
975 3374 1117 3440 ecclesia
1158 3371 1353 3462 parrochiali
1391 3396 1479 3442 con-

165 3465 347 3553 petentibus
373 3466 426 3533 uel
451 3468 489 3533 ad
507 3489 576 3534 eam
596 3466 764 3555 religiosis
781 3473 814 3533 ln
830 3464 959 3534 Christo
986 3468 1113 3536 deuotis
1140 3478 1173 3536 et
1198 3467 1239 3535 ob
1260 3467 1323 3535 hoc
1337 3467 1431 3535 nobis
1447 3520 1477 3534 ..

167 3561 291 3627 decano
318 3583 356 3627 ac
381 3612 418 3627 ..
446 3561 583 3650 capitulo
617 3562 769 3650 predictis
805 3562 1011 3649 deprecatiue
1043 3573 1076 3630 ot
1101 3563 1262 3630 humiliter
1288 3563 1479 3652 supplican-

167 3652 251 3721 tibus
267 3707 273 3719 .
291 3706 298 3720 .
314 3654 477 3722 abbatisse
492 3666 523 3722 ct
538 3707 564 3721 ..
580 3660 753 3724 conuentui
769 3657 1059 3725 sanctimonialium
1083 3660 1271 3744 monasterij
1288 3661 1324 3743 jn
1350 3658 1423 3725 Slu
1438 3680 1478 3725 s-

169 3749 332 3818 selawe
371 3748 492 3816 ordinis
539 3755 773 3839 cysterciensis
819 3752 903 3819 dicte
945 3753 1100 3842 dyocesis
1148 3775 1186 3821 ac
1232 3756 1334 3819 eciam
1374 3754 1479 3820 eidern

168 3847 389 3929 monasterio,
421 3842 610 3912 habentibus
644 3866 762 3911 reuera
797 3856 912 3914 tenues
953 3857 986 3913 et
1026 3848 1132 3915 exiles
1172 3847 1315 3915 redditus
1358 3869 1478 3914 census

168 3959 293 4006 annuos
320 3961 359 4005 ac
383 3950 571 4029 prouentus,
597 3940 823 4007 nichilominus
849 3952 956 4008 tamen
983 3963 1026 4008 ex
1061 3965 1150 4009 mera
1185 3945 1294 4029 gracia
1327 3942 1478 4010 diuinitus

168 4036 248 4122 ipsis
282 4034 352 4100 data
386 4038 551 4102 meritorie
587 4045 620 4101 ct
644 4034 848 4102 laudabiliter
881 4036 1110 4104 exercentibus
1144 4037 1346 4125 solempnem
1380 4037 1478 4103 diuini

168 4131 308 4196 numinis
335 4128 452 4194 cultum
486 4140 517 4195 et
553 4127 799 4196 obseruauciam
832 4131 1017 4218 regularem
1053 4130 1346 4219 hospitalitatisque
1371 4130 1477 4199 debite

167 4244 206 4290 ac
244 4221 307 4288 alia
348 4243 447 4311 opern
484 4227 626 4290 caritatis
661 4228 697 4310 jn
734 4247 795 4314 qua
836 4247 958 4294 summa
991 4230 1143 4293 virtutum
1177 4230 1307 4307 existit,
1349 4234 1381 4291 ot
1417 4248 1479 4314 que

167 4338 325 4407 nunquam
352 4316 472 4383 excidit
497 4340 535 4384 ac
560 4339 728 4407 perperam
754 4319 852 4388 nichil
874 4325 952 4410 agit,
976 4320 1157 4390 donacione
1175 4322 1301 4410 quidem
1323 4332 1478 4410 perpetua
