3158 4732
185 499 255 569 328
736 499 942 569 Monumenta

183 690 293 758 aliove
321 690 414 759 titulo
440 693 512 759 siue
534 692 608 778 jure
622 710 823 780 quocumque
840 691 984 759 eiusdem
1003 690 1192 776 monasterij
1214 687 1369 776 judicium
1398 711 1501 758 secu-

183 786 253 853 lare
278 786 444 875 quodlibet
480 808 519 853 ac
543 785 765 876 quodcumque
799 796 831 853 et
856 786 1063 856 aduocuoiam
1090 782 1265 874 quamlibet
1290 805 1348 852 seu
1383 807 1500 875 quam-

184 903 319 971 cumque
341 881 428 970 jdem
446 883 676 949 monasterium
700 892 732 948 et
757 891 852 971 prout
877 881 915 948 ab
941 882 1071 969 antiquo
1085 878 1240 949 hacteuus
1254 877 1372 947 ibidem
1391 880 1499 949 habuit

184 987 278 1065 atquo
304 976 420 1058 habet,
455 998 582 1045 necnon
615 979 772 1068 mancipia
806 998 923 1045 seruos
949 986 983 1043 et
1008 975 1163 1060 ancillas,
1201 973 1342 1043 decimas
1369 996 1499 1066 quoque

184 1076 275 1160 grani
302 1074 426 1139 etvini
452 1071 653 1160 aliorumque
677 1070 834 1139 fructuum
861 1093 900 1139 ac
921 1074 1023 1139 eciam
1049 1071 1169 1139 fetuum
1196 1072 1407 1138 uninrancium
1434 1082 1497 1139 tam

184 1166 421 1257 quadrupedum
458 1188 551 1257 quam
578 1163 726 1255 bipedum
752 1169 895 1235 maiores
922 1178 955 1234 et
980 1169 1138 1250 minutas,
1177 1164 1296 1233 allodia
1322 1187 1362 1236 ao
1387 1166 1502 1258 predia

184 1264 303 1330 rustica
330 1272 363 1330 et
387 1261 522 1347 urbana,
549 1264 655 1328 curias
671 1260 773 1330 hubas
800 1273 833 1329 et
856 1262 969 1330 domos
984 1282 1054 1328 oum
1073 1263 1140 1328 suis
1157 1262 1341 1349 attinencijs
1359 1261 1499 1351 quibus-

184 1379 339 1447 cumque,
370 1361 485 1425 vineas
521 1377 648 1446 quoque
686 1378 817 1446 campos
852 1366 885 1424 et
916 1377 1016 1446 agros
1050 1355 1156 1424 cultos
1190 1363 1222 1423 et
1247 1355 1390 1425 incultos
1429 1379 1498 1424 cum

184 1455 253 1520 suis
281 1454 476 1542 ascripticijs
502 1474 560 1519 seu
585 1450 683 1539 globo
708 1454 858 1541 ascriptis
885 1473 924 1519 ao
950 1453 1092 1520 astrictis
1118 1472 1157 1519 ao
1182 1448 1332 1537 colonis,
1368 1473 1497 1521 necnon

184 1548 285 1614 siluas
324 1547 466 1636 virgulta
501 1556 590 1637 prata
616 1566 736 1635 pascua
762 1550 903 1636 piscinas
929 1568 1029 1637 aquas
1055 1566 1208 1636 aquarum
1234 1544 1391 1615 decursus
1426 1569 1496 1614 cum

185 1641 325 1709 exitibus
371 1652 404 1709 et
435 1640 589 1710 reditibus
626 1661 665 1707 ac
696 1641 770 1729 aliJs
800 1642 925 1729 juribus
960 1651 993 1710 et
1027 1644 1208 1729 attinencijs
1244 1643 1332 1727 suis,
1370 1664 1499 1711 necnon

183 1740 361 1827 pensiones
387 1737 533 1804 redditus
559 1746 591 1803 et
618 1757 738 1804 census
764 1736 899 1804 annales
916 1757 1045 1805 aunone
1070 1758 1130 1805 seu
1153 1733 1239 1802 bladi
1265 1739 1497 1827 cuiuscumque

183 1836 322 1922 pecunie
337 1841 506 1899 numerate
521 1852 695 1921 porcorum
706 1853 861 1919 agnorum
876 1853 936 1899 seu
948 1852 1121 1922 corporum
1136 1833 1328 1920 agninorum
1344 1853 1496 1901 aucarum

185 1927 344 2018 pullorum
373 1948 509 1994 ouorum
537 1947 709 1995 caseorum
735 1948 812 1994 core
846 1926 912 1994 olei
937 1930 1007 2016 sepi
1032 1949 1071 1995 ac
1094 1927 1229 1995 alterius
1256 1930 1412 1995 maneriei
1438 1950 1498 1996 seu

184 2024 307 2111 speciei
334 2024 503 2112 cuiusque,
529 2023 591 2090 alia
617 2042 747 2112 quoque
773 2020 856 2088 bona
882 2019 1047 2089 inmobilia
1074 2042 1146 2088 cum
1173 2021 1270 2112 pleuo
1297 2023 1399 2090 eciam
1422 2026 1498 2110 jure

179 2116 370 2204 justituendi
397 2128 429 2184 et
454 2117 647 2184 destituendi
674 2137 745 2183 cum
769 2115 951 2206 herbergiJs
977 2126 1010 2184 et
1031 2115 1157 2205 iuribus
1184 2116 1373 2205 capitalibus
1399 2115 1494 2186 dictis

185 2212 356 2301 wlgaritor
381 2209 599 2301 berberge
623 2211 703 2280 und
729 2210 987 2302 hauptreobt
1010 2222 1043 2280 et
1067 2232 1138 2279 cum
1165 2210 1238 2299 alijs
1264 2214 1333 2280 suis
1356 2211 1496 2282 bonori-

183 2306 242 2375 bus
270 2318 302 2376 et
328 2307 481 2375 oneribus
508 2306 655 2375 comodis
682 2317 715 2375 et
735 2306 916 2378 incomodis
943 2305 1153 2376 seruitutibos
1173 2308 1324 2394 seruioijs
1341 2318 1496 2397 prestan-

183 2406 242 2490 ciJs
269 2400 459 2470 utilitatibus
492 2423 531 2469 ac
566 2402 640 2490 alijs
674 2400 819 2470 eiusdem
845 2405 1034 2491 monasterij
1061 2404 1271 2492 pertinenciis
1308 2410 1341 2470 et
1368 2401 1496 2489 juribus

182 2500 347 2565 uniuersis
373 2500 508 2586 quesitis
540 2508 573 2565 et
605 2496 801 2585 inquirendis
828 2497 942 2565 habitis
978 2520 1017 2565 ec
1052 2497 1207 2565 habendis
1243 2495 1497 2588 quibuscumque

184 2591 368 2659 nominibus
395 2602 618 2683 nuncupentur
644 2591 766 2682 absque
791 2645 799 2660 .
824 2646 831 2660 .
860 2603 1023 2662 conuentu
1049 2595 1177 2661 eteius
1204 2602 1367 2682 potestate
1393 2616 1496 2685 sepa-

182 2690 274 2753 ratim
301 2686 420 2755 babere
447 2710 485 2753 ac
510 2698 666 2778 perpetuo
702 2692 845 2757 retinere
871 2687 1009 2756 debebit.
1065 2689 1136 2757 Heu
1172 2698 1277 2755 autem
1313 2697 1388 2756 sunt
1422 2690 1496 2758 loca

182 2786 212 2849 in
251 2782 364 2872 quibus
402 2792 544 2873 protacta
580 2782 664 2851 bona
698 2783 832 2852 abbacie
871 2788 1063 2852 consistunt.
1125 2784 1233 2853 Primo
1269 2783 1425 2852 videlicet
1463 2789 1497 2873 jn

183 2880 314 2946 ciuitate
340 2877 644 2968 herbipolensi
670 2879 829 2970 predicta:
856 2881 954 2949 ciuile
964 2880 1116 2967 judicium
1134 2879 1219 2968 quod
1235 2889 1267 2946 et
1283 2889 1377 2969 prout
1390 2882 1495 2970 ipsum

183 2977 413 3041 monasterium
448 2996 507 3042 seu
545 2977 615 3041 eius
649 2973 841 3042 cellerarius
868 2979 999 3042 nornine
1034 2977 1136 3064 ipsius
1170 2978 1359 3063 monasterij
1397 2997 1497 3066 super

183 3067 331 3137 homines
358 3079 391 3136 et
415 3068 499 3137 bone
526 3079 645 3136 tantum
666 3073 751 3137 circu
777 3069 861 3137 idem
877 3075 1107 3138 monasterium
1135 3069 1175 3138 ab
1193 3073 1323 3159 antiquo
1340 3070 1497 3140 hacteuus

183 3161 292 3230 habuit
332 3173 427 3253 atque
459 3163 573 3245 habau
606 3167 685 3249 jtem
720 3168 807 3232 curia
844 3164 926 3232 dicta
965 3166 1036 3233 der
1068 3164 1311 3256 Spitelbol,
1343 3170 1497 3256 contigua

181 3261 339 3327 cimiterio
365 3261 467 3348 ipsius
492 3262 693 3346 monasteri,
719 3259 756 3326 ad
784 3282 930 3350 caupone
956 3283 1015 3329 seu
1040 3264 1109 3328 vini
1134 3260 1339 3329 vendicionis
1365 3260 1495 3351 publice

182 3353 330 3442 aliosque
357 3376 436 3422 vsus
461 3357 672 3422 necessarios
689 3376 747 3421 seu
765 3357 863 3423 vtiles
881 3356 1033 3438 abbacie3
1056 3360 1136 3444 jtom
1163 3355 1287 3423 decima
1313 3359 1380 3424 viui
1407 3369 1499 3426 retro

183 3458 215 3515 ot
252 3469 353 3538 prope
380 3471 489 3517 muros
516 3453 702 3537 monasterij
729 3472 849 3517 versus
875 3450 981 3520 locum
1009 3451 1126 3520 dictum
1151 3474 1198 3519 zu
1224 3451 1310 3519 dem
1335 3451 1498 3542 Gra[b]-

181 3543 373 3610 brunnen
399 3548 500 3611 eciam
527 3545 566 3610 ab
593 3549 722 3634 antiquo
750 3545 883 3612 abbatis.
931 3547 1014 3615 Jtom
1043 3550 1072 3614 in
1113 3546 1255 3614 marchia
1288 3545 1498 3637 herbipo-

182 3639 295 3706 lensi
332 3637 494 3727 predicta:
532 3643 629 3707 vinee
655 3661 725 3707 curu
752 3642 893 3731 partibus
929 3646 995 3710 vini
1032 3653 1064 3709 et
1101 3664 1172 3709 curn
1208 3642 1332 3709 decima
1365 3645 1432 3710 viui
1459 3644 1499 3711 de

180 3734 328 3800 onrrribus
355 3737 473 3801 vinetis
500 3738 571 3802 sitis
597 3737 627 3802 in
654 3735 729 3803 loco
770 3736 854 3803 dicto
893 3759 938 3804 en
974 3737 1061 3804 dem
1098 3736 1362 3824 ,lnnerslage
1397 3759 1500 3828 prope

186 3851 304 3896 nouum
332 3850 454 3896 murum
481 3833 582 3919 ipsius
608 3833 747 3897 ciuitatis
774 3831 1126 3922 herbipolensis,
1163 3837 1214 3899 cui
1251 3831 1290 3900 ab
1316 3853 1380 3901 vua
1405 3842 1498 3922 parte

181 3935 280 3994 strata
308 3923 433 4017 publica
459 3945 577 3994 versus
605 3926 714 3994 villam
742 3926 932 3995 Gerbrun
959 3938 991 3996 et
1014 3927 1054 3996 ab
1079 3930 1142 3996 alia
1168 3938 1260 4020 parte
1286 3930 1340 3995 via
1366 3927 1495 4021 publica
