3150 5166
439 39 483 198 ι
1080 129 1419 160 W

898 176 974 201 -..ι

124 757 196 831 536
671 756 879 825 Monumeute

124 948 211 1018 bena
237 947 463 1015 ecclesiastica
495 942 535 1012 de
570 943 739 1036 laycorum
771 941 918 1013 manibus
950 945 984 1011 in
1008 941 1124 1033 quibus
1148 944 1359 1019 huiusmodi
1383 948 1449 1018 silm

127 1066 186 1115 seu
211 1041 385 1132 virgultum
412 1061 471 1131 per
495 1050 641 1129 tempora
666 1043 792 1108 exstitit
816 1039 968 1127 longiora
993 1040 1125 1128 eripere
1150 1052 1188 1110 et
1213 1044 1259 1112 ud
1289 1067 1377 1113 vsus
1401 1066 1449 1111 ec·
1493 1070 1495 1075 ·

127 1139 383 1207 clesiasticarum
409 1154 623 1226 personarum
656 1154 816 1201 reuocare
842 1157 901 1225 pro
928 1133 1014 1201 cultu
1040 1134 1234 1223 ampliando
1276 1139 1395 1209 diuino
1416 1178 1451 1189 -

128 1232 169 1301 de
194 1252 358 1300 consensu
391 1229 517 1318 quidem
555 1239 588 1296 et
612 1228 858 1297 collaudacione
894 1228 1095 1297 honorabilis
1131 1233 1277 1322 capituli
1318 1235 1451 1303 ecclesie

126 1338 241 1399 nostre
266 1324 606 1416 herbipolensis
647 1325 791 1413 predicte
816 1323 998 1393 huiusmodi
1032 1323 1148 1393 siluam
1184 1350 1250 1396 seu
1279 1330 1450 1419 virgultum

128 1423 245 1490 dictum
274 1420 485 1507 Stilberg
510 1441 580 1486 cnm
614 1421 683 1487 suis
705 1419 832 1506 juribus
864 1429 897 1487 et
921 1420 1131 1511 pertinenciJs
1168 1427 1324 1510 quesitis
1351 1435 1384 1492 et
1408 1428 1452 1492 in·

129 1517 293 1608 quirendis
319 1515 359 1583 ab
385 1518 473 1584 omni
493 1516 567 1600 jure
593 1522 626 1580 et
652 1536 754 1582 onere
779 1513 898 1582 feudali
933 1513 1039 1581 debite
1065 1514 1280 1588 absoluendo
1305 1522 1396 1609 J‘psis
1420 1570 1452 1585 ..

129 1616 289 1703 priorisse
326 1620 360 1678 et
386 1662 393 1677 .
421 1662 428 1677 .
455 1611 628 1678 conuentui
665 1613 930 1698 monasterioque
967 1630 1096 1693 earum,
1143 1614 1254 1699 ipsius
1300 1614 1452 1704 siquidem

129 1708 317 1793 monasterii
344 1708 542 1772 necessitate
565 1714 717 1791 urgente,
742 1726 781 1771 ac
801 1708 902 1772 eciam
929 1704 1078 1771 euidente
1096 1705 1242 1774 ulilitate
1270 1712 1453 1791 swadente‚

130 1812 264 1891 propter
290 1802 383 1866 deum
409 1820 489 1890 pure
515 1798 703 1887 simpliciter
739 1808 772 1866 et
796 1802 954 1866 canonice
980 1802 1263 1889 appropriauimus
1293 1808 1452 1895 incerpo-

133 1900 274 1963 rauimus
301 1917 339 1961 ac
364 1892 601 1982 appropriando
628 1902 660 1959 et
681 1894 919 1982 incorporando
949 1897 1170 1985 inperpetuum
1188 1899 1221 1964 in
1238 1896 1307 1986 hijs
1328 1901 1453 1990 scriptis

133 1990 359 2079 sollempniter
372 1989 572 2054 annectimus
585 1996 618 2053 et
631 1989 770 2053 vnimus.
795 1989 834 2055 ln
851 2009 1086 2078 recompensam
1099 2010 1232 2079 quoque
1246 2014 1333 2082 ymo
1348 1998 1453 2064 verius

135 2084 449 2151 rememoracionem
474 2083 750 2171 appropriacionis
775 2079 957 2150 huiusmodi
975 2135 981 2150 .
998 2135 1005 2150 .
1022 2135 1029 2150 .
1046 2087 1204 2175 priorissa
1232 2096 1268 2154 et
1296 2140 1306 2155 .
1337 2141 1345 2156 .
1373 2111 1453 2157 con-

134 2188 251 2245 uentus
285 2174 420 2263 predicti
459 2178 752 2265 monasteriumque
785 2198 896 2243 earum
935 2199 1030 2245 vnum
1064 2177 1178 2245 librum
1205 2201 1288 2249 cere
1325 2189 1454 2252 nomine

132 2294 252 2339 census
278 2269 427 2336 dedicta
459 2270 543 2338 silua
575 2291 633 2336 seu
666 2270 811 2358 virgulto
844 2274 874 2339 in
901 2270 1109 2361 Stirlberg
1145 2272 1185 2340 ad
1220 2274 1333 2346 altare
1368 2277 1454 2346 ebori

134 2369 238 2435 sancti
273 2364 468 2454 Kyliaui,
502 2366 629 2455 patroni
656 2365 800 2433 ecclesie
836 2377 949 2434 nostre
974 2366 1140 2458 predicte,
1177 2372 1274 2437 annis
1314 2374 1454 2463 singulis

133 2465 164 2528 in
191 2460 360 2549 epiphania
386 2459 504 2526 domini
530 2459 664 2527 soluere
689 2463 760 2527 sine
786 2460 864 2527 dare
888 2460 1056 2529 debebunt.

227 2596 266 2662 ln
294 2598 384 2660 cuius
410 2596 458 2659 rei
483 2597 701 2660 testimonium
728 2606 917 2684 perpetuum
943 2607 1038 2685 atque
1065 2596 1163 2663 robur
1198 2600 1352 2686 sigillum
1393 2626 1456 2671 no-

135 2702 233 2759 strum
260 2687 465 2779 presentibus
492 2698 543 2755 est
569 2710 755 2777 appensum.

226 2826 330 2892 Porro
364 2845 425 2889 uos
460 2832 560 2888 totum
594 2823 765 2911 capitulum
804 2826 946 2892 ecclesie
979 2826 1326 2915 herbipolensis
1376 2856 1457 2922 pre-

136 2923 219 2989 dicte
245 2922 513 3006 recognoscimus
540 2928 572 2984 et
598 2920 807 3006 patefacimus
846 2925 875 2986 in
903 2921 964 3008 hijs
991 2925 1138 3009 scriptia,
1176 2924 1262 3011 quod
1291 2933 1457 3015 premisse

132 3018 172 3084 de
209 3017 373 3105 capitulari
408 3017 547 3080 oninium
582 3024 725 3080 nostrum
766 3037 929 3081 consensu
967 3027 999 3084 et
1033 3017 1283 3086 collaudacione
1312 3027 1457 3090 unanimi

134 3110 241 3178 debite
267 3119 510 3199 processerunt7
536 3110 646 3196 sigillo
674 3109 799 3197 quidem
826 3115 929 3177 nostri
956 3112 1084 3200 capituli
1111 3117 1214 3179 eciam
1241 3120 1458 3204 presentibus

133 3227 318 3296 coappenso
346 3209 376 3270 in
404 3207 620 3270 testimonium
647 3204 780 3270 euidens
807 3211 1052 3294 premissorum.

198 3343 341 3502 bDatum
374 3363 457 3407 anno
490 3339 608 3405 domini
636 3338 685 3407 Μο
710 3339 810 3407 000⁰
834 3340 878 3407 L⁰
908 3345 1023 3430 primo,
1055 3340 1147 3409 Vlll⁰
1176 3343 1340 3414 kalendas
1374 3372 1460 3441 sep-

131 3448 193 3506 tem
220 3441 274 3503 ris.

330 3628 441 3689 Quorum
465 3628 558 3679 mentio
582 3630 644 3681 iactu
667 3634 707 3680 est
735 3630 876 3694 sigillorum
905 3631 988 3683 lesciis
1011 3632 1210 3685 membranaceis
1241 3650 1274 3687 ex
1295 3637 1350 3690 bec
1372 3639 1460 3694 docu-

330 3717 415 3762 mento
437 3727 619 3777 suspensorum
642 3712 745 3764 alterum
761 3729 867 3780 prorsus
882 3713 985 3779 decidit,
998 3717 1101 3768 alterum
1117 3715 1173 3781 plus
1189 3717 1273 3769 minus
1289 3718 1391 3776 laesum
1408 3731 1458 3780 cst.
