3158 4732
228 496 296 565 432
781 495 987 567 blonumentu

227 687 324 752 terris
349 687 402 773 qui
428 685 508 753 nulli
534 684 651 752 claudit
683 689 840 775 gremium
866 684 1036 768 redeunti,
1069 684 1228 750 carissimi
1261 683 1294 747 in
1319 677 1449 747 Christo
1484 674 1537 762 hlij

226 782 330 847 nostri
354 779 506 848 Karoli
532 782 621 867 regis
646 780 866 851 Romanorum
892 780 1028 848 illustris
1054 776 1148 846 uobis
1173 795 1272 866 super
1296 771 1360 841 hoc
1380 771 1540 840 humiliter

228 873 459 964 supplicantis,
490 895 529 940 ac
554 877 654 964 ipsius
679 876 852 945 Alberti
886 875 1042 966 prepositi
1068 867 1358 962 supplicationibus
1384 866 1540 946 inclinati,

226 966 414 1036 discretioni
440 978 513 1055 tue,
548 968 588 1036 de
612 991 673 1058 qua
698 974 729 1037 in
755 970 817 1061 hijs
852 979 885 1037 et
909 971 983 1057 alijs
1009 966 1136 1059 plenam
1171 970 1203 1033 in
1229 964 1359 1032 domino
1393 959 1538 1030 liduoiam

226 1061 420 1148 obtinemus,
441 1084 499 1153 per
514 1064 695 1153 apostolica
721 1068 841 1158 scripta
866 1067 1081 1133 conmittimus
1107 1072 1141 1129 et
1166 1059 1366 1139 mandamus,
1391 1058 1539 1146 quatinus

225 1157 363 1245 aliquam
391 1179 563 1248 personam
588 1157 749 1249 ydoneam
774 1161 815 1229 ad
833 1158 949 1227 dictam
975 1156 1150 1226 aeclesiam
1176 1150 1540 1243 herbipolensem

226 1255 444 1335 transmittas,
469 1274 531 1342 que
557 1262 670 1323 nostro
697 1266 730 1323 et
755 1255 901 1325 eiusdem
927 1253 1072 1321 ecclesie
1108 1271 1242 1319 romane
1274 1248 1408 1316 nomine
1442 1243 1539 1310 ber-

224 1343 478 1435 bipolensis
505 1346 649 1416 ecclesie
674 1358 707 1416 et
731 1362 912 1419 castrorum
937 1370 976 1414 ac
1001 1345 1149 1414 villarum
1165 1355 1198 1412 et
1214 1343 1374 1412 bonorum
1400 1342 1538 1407 iuriurn-

227 1460 290 1529 que
315 1440 531 1530 predictorum
557 1445 762 1532 corporalem
795 1447 1042 1536 possessionem
1067 1439 1171 1508 libere
1197 1439 1390 1506 auctoritate
1425 1441 1537 1502 nostra

225 1535 361 1625 recipiat
386 1545 419 1603 et
443 1540 585 1604 retinere
610 1548 774 1626 procuret.
822 1538 892 1608 Nos
916 1541 1000 1606 enim
1027 1534 1102 1620 tibi,
1134 1544 1168 1602 ut
1193 1542 1363 1624 postquam
1398 1548 1537 1619 persona

224 1628 405 1697 huiusmodi
431 1651 490 1720 per
526 1639 559 1698 te
584 1634 684 1700 missa
717 1633 923 1724 corporalem
948 1633 1195 1722 possessionem
1227 1625 1392 1715 receperit
1423 1631 1456 1689 et
1481 1631 1536 1688 te-

224 1727 331 1791 nuerit
354 1723 458 1792 libere
483 1724 618 1815 pacilice
644 1737 678 1794 et
702 1732 824 1818 quiete,
849 1728 968 1816 tibique
992 1726 1032 1792 de
1057 1724 1120 1792 boc
1146 1723 1329 1792 constiterit
1353 1737 1412 1808 per
1436 1720 1536 1807 ipsius

226 1839 367 1908 persone
398 1820 589 1887 relationem
614 1821 791 1912 plenariam
817 1833 850 1891 et
875 1820 1015 1904 fidelem,
1039 1818 1196 1910 prefatum
1213 1814 1430 1884 Albertum
1454 1832 1535 1901 pre-

224 1917 363 2001 positum
389 1914 428 1980 ab
454 1914 577 1982 eisdem
604 1921 776 2005 sententtjs
810 1913 1019 2008 processibus
1046 1922 1141 2002 atque
1166 1914 1271 2002 penis,
1296 1911 1325 1976 si
1347 1906 1410 1974 boc
1427 1904 1534 1971 brumi-

224 2009 298 2074 liter
323 2017 355 2074 et
379 2006 498 2078 deuote
525 2011 676 2099 petierit,
701 2016 893 2080 auctoritate
929 2008 1071 2101 predicta
1105 2012 1193 2076 iuxta
1229 2004 1375 2072 ecclesie
1399 1998 1533 2068 formam

223 2101 426 2183 absotuenot,
453 2124 647 2194 omnemque
671 2107 877 2175 inhabilitatis
904 2117 936 2172 et
961 2103 1211 2191 irregularitatis
1236 2119 1275 2166 ac
1300 2095 1428 2164 infamia
1462 2115 1535 2161 ma-

223 2196 327 2262 culam
353 2200 424 2264 siue
449 2208 557 2265 notam
584 2220 641 2290 per
667 2223 738 2269 eum
766 2201 807 2269 ob
833 2203 992 2292 premissa
1019 2219 1058 2265 ac
1083 2199 1185 2264 eciam
1213 2214 1271 2283 pro
1298 2212 1339 2259 eo
1359 2186 1444 2279 quod
1465 2191 1536 2277 ipse

223 2290 332 2380 plures
359 2291 531 2380 dignitates
559 2307 752 2384 personatus
779 2317 837 2365 seu
863 2294 925 2361 alia
950 2289 1107 2360 beneficia
1125 2289 1349 2359 ecclesiastica
1372 2304 1442 2350 oum
1460 2304 1536 2348 cura

224 2385 276 2451 uel
303 2389 373 2453 sine
415 2407 491 2454 cura
523 2390 797 2479 incompassibilis
831 2388 926 2459 simol
959 2386 1081 2475 absque
1114 2384 1356 2475 dispensatione
1390 2377 1534 2466 legitima

223 2477 311 2546 forte
336 2483 466 2549 retinuit
491 2492 523 2549 et
547 2482 670 2552 fructus
696 2489 811 2553 exeis
836 2487 981 2575 percepit
1005 2504 1064 2551 seu
1092 2482 1323 2570 premissorum
1357 2475 1534 2540 occasione

225 2584 422 2641 contractam
448 2577 590 2644 totaliter
615 2579 777 2663 abolendi,
802 2580 960 2669 impositis
987 2577 1048 2644 sibi
1074 2595 1172 2664 super
1192 2572 1254 2639 boc
1274 2570 1449 2659 penitentia
1474 2587 1533 2633 sa-

223 2669 317 2735 lutari
343 2680 375 2736 et
401 2670 473 2758 alijs
489 2693 551 2761 que
577 2672 617 2740 de
643 2678 714 2742 iure
738 2674 857 2742 fuerint
881 2669 1088 2758 iniungenda,
1114 2691 1152 2737 ao
1176 2666 1402 2736 nichilominus
1429 2661 1533 2727 cidem

224 2765 367 2830 ecclesie
399 2764 719 2856 herbipolensi
746 2791 804 2860 per
828 2765 1008 2835 buiasmodi
1035 2765 1279 2832 translationem
1313 2768 1347 2824 ut
1371 2754 1533 2846 prefertur

223 2863 360 2942 uacanti,
385 2859 425 2926 de
451 2883 511 2949 qua
537 2862 644 2929 nullus
670 2874 779 2955 preter
805 2885 867 2930 nos
894 2863 1068 2949 disponere
1094 2863 1195 2949 potnit
1220 2875 1325 2942 neque
1344 2861 1451 2940 potest
1474 2871 1532 2939 pro

223 2954 372 3041 eoquod
408 2977 469 3022 nos
503 2955 554 3022 diu
591 2967 665 3024 ante
698 2961 900 3025 uacationem
936 2955 1116 3021 huiusmodi
1152 2953 1357 3039 pronisiones
1391 2950 1531 3013 omnium

222 3047 435 3116 ecclesiarum
468 3051 696 3120 cathedralium
732 3063 851 3120 extunc
886 3071 943 3139 per
968 3049 1199 3114 translationes
1234 3065 1290 3133 per
1315 3064 1376 3108 nos
1402 3044 1531 3107 inantea

221 3142 385 3209 iaciendas
412 3143 450 3211 de
476 3146 608 3235 prelatis
635 3169 743 3214 earum
780 3145 912 3213 ubilibet
938 3147 1120 3210 constitutis
1155 3140 1194 3208 ad
1220 3140 1299 3205 alias
1325 3133 1529 3202 cathedrales

221 3236 381 3304 ecclesias
409 3249 482 3304 tunc
512 3250 664 3308 uocantes
699 3253 729 3307 et
757 3246 962 3329 imposterum
989 3248 1159 3304 uacaturus
1186 3234 1390 3323 dispositioni
1417 3238 1530 3295 nostre

221 3352 290 3396 cum
318 3333 432 3399 similis
458 3337 705 3425 interpositione
737 3334 859 3401 decreti
886 3334 1032 3398 duximus
1059 3331 1295 3405 reseruandosq
1322 3325 1362 3391 de
1388 3344 1528 3413 persona

222 3427 321 3513 ipsias
346 3427 520 3495 Alberti
548 3434 703 3519 prepositi
726 3470 767 3478 —
794 3434 820 3495 si
847 3429 926 3496 alias
954 3430 995 3493 sit
1019 3426 1181 3516 ydoneusff
1208 3434 1239 3490 et
1265 3420 1318 3488 tibi
1346 3419 1526 3508 expediens

222 3520 366 3586 uideatur
462 3527 521 3612 ipsi
555 3526 698 3591 ecclesie
730 3523 1036 3614 herbipolensi
1071 3523 1183 3588 eadem
1218 3519 1407 3583 auctoritate
1441 3535 1526 3603 pro-

221 3615 360 3683 cidendi„
386 3637 519 3704 eumque
546 3619 591 3685 illi
618 3619 802 3708 preficiendi
828 3625 859 3685 in
886 3622 1072 3707 episcopum
1099 3627 1131 3681 et
1157 3623 1332 3704 pastorem,
1359 3633 1396 3677 ac
1419 3629 1527 3675 curam

220 3720 252 3774 et
277 3711 582 3779 administrationem
609 3718 709 3802 ipsius
743 3712 1080 3802 herbipolensis
1107 3711 1250 3775 ecclesie
1275 3719 1337 3772 tam
1365 3710 1394 3771 in
1423 3704 1525 3791 spiri-

220 3803 355 3870 tualibus
381 3827 473 3893 quam
500 3810 530 3873 in
558 3807 786 3896 temporalibus
815 3809 958 3897 plenarie
985 3805 1203 3886 conmittendi,
1229 3824 1267 3870 ac
1291 3798 1428 3869 laciendi
1451 3818 1526 3861 mu-

220 3919 279 3967 nus
315 3904 571 3968 consecrationis
604 3925 662 3993 per
687 3905 823 3993 aliquem
858 3905 1030 3969 antistitem
1056 3904 1189 3986 gratiam
1218 3911 1247 3965 et
1276 3897 1525 3963 conrnunionent
