3158 4732
149 515 216 580 222
691 514 896 582 Monumenta

145 710 238 790 gata:
287 722 378 789 quarn
412 701 664 769 dissulucionem
699 712 731 768 et
756 704 950 769 recisionem
987 705 1017 769 in
1049 722 1108 768 nos
1139 704 1271 768 nomine
1303 701 1456 789 specialis

147 817 230 887 pene
257 797 287 861 in
315 794 377 862 boc
400 798 540 884 negocio
568 796 718 884 eligimus
744 817 801 885 per
826 805 1009 886 presentes.

239 889 343 957 Porro
376 912 438 958 nus
462 889 666 958 Albertus
700 892 825 958 electus
851 901 884 957 et
908 889 1113 958 confirmatus
1139 888 1301 979 predictus
1327 888 1457 978 publice

147 987 421 1073 recognoscimus
447 1006 505 1075 per
530 985 590 1053 bec
616 988 747 1075 scripta,
776 989 810 1072 jn
838 986 972 1052 euidens
998 987 1215 1053 testimonium
1241 994 1335 1072 atque
1361 982 1459 1051 robur

147 1083 381 1171 premissorum
418 1080 561 1168 sigillum
595 1090 740 1148 nostrum
772 1080 976 1169 presentibus
1009 1079 1049 1147 de
1074 1077 1223 1147 mandato
1247 1089 1361 1147 nostro
1387 1077 1459 1145 lore

147 1197 164 1242 a
210 1195 333 1241 ensum.

167 1198 206 1265 pp
241 1267 309 1336 Nos
351 1288 479 1356 quoque
520 1267 709 1336 Silridus
748 1271 851 1337 sancti
897 1266 1149 1350 Burchardi‚
1197 1267 1457 1335 Hermanaus

147 1367 249 1431 sancti
299 1361 524 1452 Stephani,
569 1372 601 1430 et
638 1363 862 1453 Philippus
910 1367 1010 1432 sancti
1049 1360 1162 1431 lacobi
1207 1360 1456 1430 Scbotorum

145 1456 793 1547 monasteriorumherbipolensium
821 1456 941 1525 ordinis
964 1461 1046 1526 santi
1061 1456 1224 1525 Benedicti
1252 1455 1356 1523 diuina
1374 1478 1456 1546 per-

144 1556 302 1619 missione
316 1550 461 1634 abbates,
486 1573 613 1619 necnon
630 1555 760 1619 maioris
779 1556 882 1619 sancti
896 1552 1050 1620 lobannis
1064 1556 1094 1620 in
1119 1552 1258 1640 llauge
1285 1548 1458 1618 etNoui-

145 1648 397 1732 monasterij
425 1645 798 1736 herbipolensium
826 1645 1036 1715 ecclesiarum
1068 1647 1193 1728 decani,
1219 1643 1458 1735 earundemque

144 1741 355 1808 ecclesiarum
382 1749 413 1807 et
440 1744 708 1808 monasteriorum
732 1741 868 1830 capitula
895 1751 927 1808 et
952 1751 1131 1810 conuentus
1148 1740 1303 1829 sepedicti
1330 1761 1455 1828 recog-

143 1839 308 1903 noscimus
333 1835 391 1900 sub
415 1833 475 1922 hijs
508 1838 649 1924 scriptis,
683 1839 841 1926 premissa
874 1839 980 1903 omnia
1014 1845 1045 1902 et
1078 1835 1204 1923 singula
1237 1834 1277 1901 de
1311 1844 1456 1902 nostrum

143 1933 281 1996 omnium
308 1950 445 1995 assensu
471 1932 611 1996 unanimi
637 1939 673 1997 vt
697 1933 886 2020 premittitur
913 1932 1129 2020 processisse.

238 2024 279 2091 ln
314 2044 447 2111 quorum
483 2027 622 2091 omnium
655 2028 886 2114 premissorum
912 2026 1129 2093 testimouium
1166 2022 1273 2111 sigilla
1310 2034 1456 2092 nostrum

148 2171 155 2184 .
184 2170 191 2183 .
219 2115 365 2184 abbatum
392 2167 400 2183 .
429 2170 435 2182 .
463 2117 674 2206 capitulorum
702 2127 734 2185 et
758 2169 766 2184 .
794 2170 801 2184 .
829 2130 1043 2186 conuentuum
1069 2117 1285 2208 predictorum
1312 2139 1455 2207 presen-

144 2211 226 2279 tibus
253 2221 326 2279 sunt
351 2232 503 2300 appensa.

238 2307 353 2374 Datum
378 2303 490 2372 Herb
503 2305 629 2394 ipoli,
654 2326 738 2372 anno
755 2305 873 2395 dominj
892 2307 1064 2376 millesimo
1091 2305 1183 2375 CCC‘
1207 2306 1457 2396 quadragesimo

144 2404 268 2490 quinto,
292 2397 350 2465 llll
374 2398 530 2466 kalendas
558 2397 751 2467 decembris.

341 2524 467 2578 benorum
480 2524 621 2592 sigillorum
641 2526 725 2578 lesciis
744 2527 941 2580 membranaceis
963 2543 977 2580 e
1000 2526 1080 2580 tribua
1096 2526 1183 2578 barum
1206 2526 1341 2579 litterarum
1365 2544 1455 2580 exem-

342 2606 453 2674 plaribus
475 2621 657 2675 suspensorum
685 2608 710 2659 iu
740 2618 790 2660 uno
817 2611 910 2674 omniu,
938 2610 963 2661 in
990 2609 1069 2661 altero
1097 2608 1271 2662 tantummodo
1293 2624 1401 2672 novem,
1431 2610 1456 2661 iu

347 2689 424 2741 tertio
446 2689 548 2742 nonnisi
571 2690 622 2742 duo
644 2696 789 2758 supersunt.

728 2991 869 3061 LXXlll.

588 3117 683 3189 1345,
705 3115 751 3172 die
774 3118 821 3177 28.
844 3113 1015 3173 novembris.

301 3222 530 3290 blonasterium
557 3222 796 3311 bambergense
822 3223 860 3288 ad
886 3221 967 3288 hanc
992 3224 1143 3288 unionem
1168 3222 1302 3289 accedit.

235 3344 274 3411 ln
301 3342 352 3409 dei
377 3346 510 3410 nominc
536 3364 639 3410 amen.

237 3436 306 3504 Nos
333 3437 557 3504 Conradus
593 3437 697 3504 diuina
730 3441 943 3526 permissione
968 3437 1066 3504 abbas
1097 3447 1249 3525 totusque
1279 3450 1459 3506 conuentus

144 3535 332 3617 monasterij
359 3535 389 3597 in
414 3530 626 3599 Kdmberk
659 3531 780 3598 ordinis
807 3536 908 3600 sancti
935 3533 1099 3601 Benedicti
1126 3530 1458 3622 herbipolensis

144 3625 298 3716 dyocesis
325 3636 440 3693 tenore
468 3630 671 3714 presencium
688 3678 694 3691 .
713 3680 719 3692 .
736 3627 981 3717 perceptoribus
1008 3630 1277 3715 recognoscimus
1306 3639 1337 3696 et
1363 3639 1459 3718 pate-

144 3719 279 3786 facimus
306 3724 481 3806 vniuersis‚
509 3721 660 3809 quod-
689 3743 769 3804 cum,
804 3732 837 3789 vt
863 3744 954 3789 sacra
977 3725 1049 3809 jura
1075 3730 1244 3806 testantur,
1273 3745 1336 3790 non
1362 3723 1459 3798 liceat

143 3837 205 3881 nec
230 3815 344 3882 deceat
368 3837 474 3904 neque
494 3816 645 3906 expediat
669 3838 686 3882 a
712 3819 817 3905 capite
833 3815 989 3884 recedere
1016 3838 1072 3883 sua
1089 3815 1244 3901 membra,
1273 3821 1458 3907 quinymmo

143 3912 245 3976 eciam
273 3914 373 4000 turpis
401 3915 442 3978 sit
467 3933 541 4001 pars
568 3933 629 4000 que
655 3931 714 3979 suo
740 3932 804 3978 non
827 3915 977 4000 congrait
1002 3914 1172 3996 vniuerso,
1197 3922 1229 3979 et
1254 3917 1327 4000 quta
1352 3934 1453 3980 reue-
