3150 5166
126 895 174 964 dd
671 892 880 965 lunumaata

128 1095 162 1153 et
183 1082 330 1152 decentis
354 1101 394 1148 ae
418 1082 521 1148 eciam
537 1078 743 1173 expedientia
767 1085 840 1153 aiue
853 1092 1016 1175 oportune
1030 1082 1244 1155 discrecionis
1269 1104 1329 1153 aeu
1352 1082 1441 1153 diui-

128 1182 232 1248 sionis
257 1181 329 1245 siue
354 1177 578 1264 separneiouis
603 1174 763 1245 bonorum
787 1188 823 1247 et
842 1178 1120 1267 iuriumeiusdem
1143 1180 1333 1280 monasteri]
1359 1180 1443 1245 inter

128 1272 295 1342 abbaciam
321 1278 355 1339 et
379 1280 573 1339 conuentum
600 1269 717 1341 ibidem
741 1276 917 1364 separatim
948 1271 1100 1343 hincinde
1123 1294 1188 1343 non
1212 1275 1284 1343 aine
1307 1270 1443 1365 prouida

129 1378 163 1436 et
187 1367 332 1459 perlecta
358 1368 572 1433 instructione
596 1387 635 1432 ac
659 1366 908 1437 collaudacione
931 1367 1164 1461 quamplurium
1189 1377 1253 1437 tam
1277 1419 1311 1437 ..
1336 1366 1444 1437 eleri-

130 1482 241 1531 corum
264 1481 359 1551 mam
385 1459 542 1527 laicorum
567 1459 707 1532 lidelium
731 1466 908 1532 amicorum
931 1472 966 1533 et
990 1462 1163 1547 lautorum,
1193 1462 1340 1532 eiusdem
1364 1482 1443 1531 mo-

129 1558 264 1643 nasterij
290 1554 449 1623 bonorum
474 1558 577 1623 eciam
603 1559 755 1625 noticiam
778 1556 980 1643 babencium,
1012 1579 1057 1628 ex
1080 1560 1181 1630 certis
1205 1560 1310 1627 eciam
1334 1558 1443 1625 musis

129 1654 223 1719 iustis
248 1647 565 1739 rationabilibusque
590 1653 722 1719 motiuia
745 1660 810 1719 tam
834 1653 922 1721 eirca
933 1652 1112 1744 spiritualia
1128 1672 1223 1743 apua·
1246 1650 1440 1744 temporalia

129 1750 231 1837 ipsius
256 1748 446 1831 monasterij
472 1765 544 1811 cum
569 1747 669 1813 certis
701 1744 807 1815 modia
841 1754 876 1815 et
910 1750 1038 1815 atatutia
1072 1768 1134 1817 eeu
1170 1745 1445 1837 disposicionibua

129 1840 321 1931 subscriptis
347 1848 380 1906 et
404 1848 439 1905 ut
462 1838 699 1908 infrascribitur
721 1843 785 1911 rita
808 1844 979 1911 statuimus
1003 1861 1044 1910 ac
1067 1841 1338 1933 irrefragabiliter
1361 1862 1445 1933 pra-

130 1934 277 2004 sentibus
303 1933 500 2002 ordinamus.

223 2086 265 2153 ln
289 2086 401 2175 primis
426 2082 567 2173 quidem.
590 2082 677 2173 quod
713 2136 723 2151 .
758 2136 768 2153 .
799 2082 901 2154 abbas
924 2082 1042 2153 ibidem
1067 2088 1100 2154 in
1123 2082 1292 2173 benefieiis
1326 2084 1445 2153 eccle-

130 2182 274 2249 siasticis
299 2200 358 2246 seu
384 2177 423 2244 ad
448 2176 604 2246 beneficia
638 2178 866 2248 ecclesiastiea
894 2182 1141 2270 juspatronatua
1171 2200 1303 2249 necnon
1337 2178 1444 2248 ollleia

129 2274 279 2342 custodie
303 2283 337 2340 et
361 2276 507 2340 cantorie
531 2277 564 2340 in
588 2277 661 2365 ipso
686 2276 887 2343 monasterio
912 2294 952 2341 ae
970 2271 1129 2343 beneficia
1145 2294 1205 2343 seu
1219 2274 1316 2343 leuda
1340 2294 1446 2341 seeu-

129 2370 212 2439 laria
250 2366 441 2436 conlerendi
471 2377 509 2435 vt
547 2372 636 2458 prius
678 2368 856 2456 plenariam
891 2366 1008 2437 babeat
1043 2376 1261 2460 potestaten,
1294 2367 1447 2458 quodque

130 2463 275 2551 sigillum
299 2460 435 2531 abbacie
460 2466 516 2531 in.
533 2514 541 2528 .
558 2461 698 2545 abbatis,
722 2473 756 2530 et
779 2461 923 2553 sigillum
947 2473 1179 2535 ..conuentus
1204 2465 1238 2531 in
1262 2472 1446 2533 conuentus

130 2557 248 2627 ibidem
272 2566 449 2649 potestate.
473 2555 534 2623 sub
558 2555 620 2623 lida
644 2556 792 2627 custodia
828 2577 867 2623 ac
891 2560 975 2624 trina
1000 2555 1150 2624 clausura
1174 2596 1221 2605 —
1246 2557 1376 2625 scilicet
1400 2609 1409 2623 .
1434 2610 1443 2623 .

130 2656 252 2744 prioris
279 2706 288 2721 .
314 2704 323 2718 .
348 2651 495 2719 custodis
520 2703 528 2716 .
556 2702 566 2717 .
591 2661 625 2717 et
650 2703 658 2717 .
685 2703 694 2717 .
719 2654 812 2739 tercij
850 2649 1002 2739 lidedigni
1026 2650 1068 2718 de
1104 2662 1265 2719 conuentu
1298 2672 1447 2719 concor-

131 2747 215 2815 diter
239 2746 293 2815 uel
318 2745 435 2814 saltem
461 2768 480 2813 a
506 2748 621 2812 maiori
647 2755 738 2836 parte
764 2755 945 2814 conuentus
970 2744 1045 2813 inibi
1071 2745 1269 2827 assumenti,
1304 2745 1447 2836 desuper

132 2842 320 2933 specialiter
344 2845 522 2908 iuratorum
550 2880 595 2891 —
620 2843 812 2909 consistant.

226 2976 312 3044 Jtem
361 2975 447 3064 quod
491 2978 674 3063 uigintisex
723 2974 764 3043 ad
810 2977 916 3044 minus
954 2973 1103 3044 monaebi
1139 2974 1375 3043 conuentuales
1410 2997 1450 3043 ae

133 3070 308 3138 clericales
323 3068 454 3139 ibidem.
478 3069 604 3137 duobus
618 3067 747 3160 quidem
763 3070 803 3138 de
819 3070 994 3160 puerilibus
1007 3092 1066 3139 seu
1082 3069 1267 3138 scolasticis
1280 3068 1449 3138 monacbis

132 3186 265 3256 semper
289 3186 349 3254 pro
373 3185 441 3231 uno
466 3165 674 3232 conuentuali
699 3166 882 3254 presbitero
898 3187 958 3234 seu
983 3165 1133 3257 dyacono
1146 3164 1187 3232 ad
1201 3164 1450 3256 conpletionem

132 3258 314 3346 buiusmodj
347 3263 472 3327 numeri
515 3257 593 3328 inibi
626 3259 858 3349 conputandis.
903 3282 961 3350 pro
1006 3259 1220 3349 ampliatione
1264 3259 1446 3328 diuinorum

133 3353 314 3423 officiorum
339 3357 372 3421 in
396 3354 514 3422 eodem
539 3358 752 3435 monasterio,
776 3363 950 3444 propterea
975 3378 994 3423 a
1017 3353 1114 3422 beate
1139 3364 1172 3421 et
1195 3355 1302 3421 felicis
1326 3374 1449 3422 recor-

134 3448 281 3517 ducionis
294 3447 653 3517 dominelleinrico
678 3452 836 3538 episcopo
862 3447 1183 3540 herbipolensi.
1208 3448 1450 3539 predecessore

132 3554 273 3611 nostro.
307 3542 445 3633 alijsque
478 3542 741 3613 christifidelibus
766 3545 957 3612 successiue
989 3565 1047 3633 per
1078 3554 1225 3633 tempora
1250 3544 1290 3609 ab
1315 3546 1450 3632 antiquo

134 3637 362 3726 sollempniter
392 3637 523 3706 fundato
560 3660 600 3705 ac
632 3641 769 3727 copiose
794 3637 917 3706 dotato.
941 3647 1099 3729 perpetuo
1135 3638 1289 3726 deinceps
1325 3635 1450 3721 baberi,

132 3754 263 3802 necnon
288 3736 417 3820 integre
441 3732 550 3801 debite
570 3742 604 3801 el
629 3742 788 3800 consuete
813 3736 844 3800 in
869 3736 958 3800 uictu
989 3742 1022 3799 et
1048 3737 1168 3800 vestitu
1193 3754 1232 3799 ac
1266 3731 1339 3818 alijs
1364 3754 1450 3821 pro-

132 3831 280 3895 nisiones
306 3827 430 3895 eisdem
455 3832 634 3916 vigintisex
663 3826 932 3895 conuentuulibus
956 3830 1109 3918 personis
1132 3830 1162 3893 in
1188 3825 1304 3895 eodem
1320 3826 1449 3914 qttidem

134 3925 358 3991 monasterio.
405 3927 559 4014 pretactis
596 3922 780 3991 scolasticis
823 3921 991 3990 monacbis
1028 3931 1061 3986 ut
1098 3920 1260 4010 prefertur
1303 3920 1451 3989 inclusis.

135 4018 250 4106 quibus
275 4025 310 4082 ut
333 4015 499 4106 bucusque
523 4039 590 4085 non
615 4020 745 4105 integre
779 4016 838 4083 sed
862 4020 954 4106 quasi
981 4012 1086 4083 medie
1117 4013 1297 4100 buiusmodj
1330 4018 1450 4104 proui-

135 4115 261 4179 siones.
288 4114 461 4179 ministrari
485 4112 658 4180 debebunt.
707 4112 861 4178 Attamen
876 4114 905 4177 si
929 4108 1111 4195 buiusmodj
1126 4112 1313 4195 monasterii
1340 4109 1451 4177 lacul-

135 4214 219 4273 tates
245 4226 403 4295 processu
429 4212 585 4298 temporis
610 4206 694 4273 adeo
720 4208 930 4277 excreuerint
956 4204 1086 4271 domino
1113 4202 1332 4270 concedente.
1365 4205 1452 4291 quod

134 4298 176 4367 de
201 4304 251 4367 e's
277 4300 389 4390 plures
404 4301 637 4371 conuentuales
651 4299 769 4369 ibidem
794 4299 925 4366 valeant
940 4318 1087 4386 congrue
1112 4318 1230 4364 secure
1254 4306 1286 4363 et
1311 4298 1451 4366 comrade
