3150 5166
133 840 180 909 bit
682 836 892 909 bonomonte

134 1052 173 1101 se
197 1038 426 1121 representare
452 1038 610 1113 teneatur,
635 1026 724 1097 nulle
748 1032 852 1119 ipsum
886 1028 1078 1117 ignorencia
1108 1046 1207 1119 super
1237 1048 1281 1099 eo
1316 1030 1447 1121 peuitrm

134 1134 326 1205 excusante,
350 1134 497 1214 ternpore
523 1132 630 1191 lernen
654 1142 717 1193 sex
731 1123 980 1214 septimanarum
995 1120 1154 1191 videlicet
1176 1120 1217 1189 ad
1240 1122 1446 1215 equitandum

133 1216 412 1287 sconsuotudine
439 1216 534 1285 nobis
560 1216 683 1287 indulto
710 1214 842 1285 cuilibet
865 1226 1012 1288 nostrum
1036 1224 1221 1287 reserante.

227 1352 262 1421 Si
288 1354 358 1441 quis
384 1372 465 1420 vero
493 1354 723 1420 canonicorum
739 1360 926 1422 nostrorum
942 1349 1161 1443 predictorum
1175 1348 1262 1419 inira
1284 1370 1445 1437 mensem,

133 1450 275 1539 spiecinnr
301 1446 490 1539 predictum,
515 1467 579 1514 non
595 1448 735 1531 venerit,
759 1455 793 1514 et
817 1466 856 1515 se
880 1454 914 1514 ut
932 1444 1094 1538 prefertur
1112 1465 1179 1515 nou
1195 1448 1448 1537 presenteuerit,

133 1564 224 1633 quarn
251 1544 302 1610 dio
327 1542 412 1611 vltra
438 1538 556 1609 absens
582 1540 698 1625 luerit,
733 1538 876 1631 quelibet
900 1538 953 1610 die
977 1561 1038 1611 sue
1062 1538 1218 1609 absencia
1241 1538 1357 1609 decem
1380 1538 1446 1609 de-

134 1642 243 1705 narios
270 1634 520 1725 lrcrbipolenses
558 1637 588 1702 in
615 1655 850 1727 recompensam
876 1634 1035 1705 fructuum
1060 1632 1226 1727 prebende
1258 1654 1321 1704 sue
1354 1638 1446 1726 prius

134 1754 192 1823 per
217 1752 288 1797 com
315 1740 348 1797 nt
373 1728 546 1821 predicitur
570 1738 796 1821 perceptorum
823 1728 968 1799 ecclesie
991 1738 1104 1799 nostre
1130 1727 1265 1799 soluere
1283 1738 1446 1815 teneatur,

133 1826 172 1891 sd
198 1826 445 1915 percepcinncm
471 1844 529 1891 suo
556 1820 719 1913 prebende
744 1844 810 1892 non
842 1824 937 1893 aliter
958 1846 1019 1917 per
1042 1845 1105 1893 nos
1131 1821 1346 1893 admittendus
1379 1826 1444 1895 nisi

133 1917 173 1986 de
198 1918 359 2007 neglectis
385 1916 565 1985 huiusmodi
591 1920 678 2005 prius
705 1920 974 1987 iuxtanumerum
999 1918 1122 1987 diemm
1147 1938 1208 1987 sue
1232 1916 1388 1989 absencia
1412 1926 1448 1988 et

133 2016 376 2081 estimecioncm
403 2012 593 2101 promissam
619 2010 764 2082 ecclesie
787 2022 902 2083 nostre
927 2012 1074 2104 plenarie
1097 2010 1198 2081 luerit
1232 2010 1444 2085 satisfactum.

225 2148 276 2217 Ac
302 2150 423 2237 siquis
450 2148 581 2213 racione
605 2144 784 2215 debitorum
809 2166 870 2216 seu
893 2144 1137 2237 quomodolibet
1160 2146 1255 2216 aliter
1285 2144 1447 2237 legittimo

133 2263 172 2309 se
192 2241 389 2329 judicialiter
414 2245 626 2331 inpeteretur‚
660 2242 742 2309 sciet
766 2260 805 2309 se
828 2242 905 2310 vice
929 2243 1156 2333 suspensionis
1192 2262 1252 2310 sue
1275 2238 1445 2333 prebende

131 2336 245 2405 decern
271 2336 423 2405 denarios
449 2334 585 2423 singulis
611 2332 724 2404 diebus
749 2339 881 2406 nornine
904 2356 992 2427 pene
1015 2338 1228 2407 incursurum.

224 2470 439 2539 Attendentes
456 2472 571 2554 eciam,
586 2466 671 2557 quod
688 2466 817 2537 officiati
829 2472 933 2537 nostri
948 2510 994 2521 -
1009 2469 1165 2539 videlicet
1179 2472 1445 2562 viceprepositus

132 2574 165 2632 et
190 2564 379 2633 cellerarius
406 2567 457 2653 qui
483 2584 542 2654 pro
568 2574 716 2655 ternpore
741 2567 884 2631 existunt
920 2604 965 2612 —
998 2566 1176 2633 occasione
1209 2562 1444 2634 retardacionis

131 2658 312 2729 solucionis
338 2657 514 2727 reddituum
550 2656 588 2723 ad
613 2679 744 2726 suorum
777 2657 956 2727 oliciorum
983 2662 1308 2728 amministracionem
1334 2662 1443 2749 perti-

129 2758 277 2822 nenciurn
305 2764 451 2844 tempore
476 2750 603 2843 prefate
627 2751 790 2819 discordie
804 2753 1018 2841 inpedimenta
1034 2776 1098 2821 non
1124 2753 1250 2821 modica
1275 2756 1443 2822 sustinere

130 2852 301 2935 contingit,
326 2857 499 2938 eapropter
521 2846 668 2914 ellectum
683 2845 858 2914 formarum
875 2850 1017 2936 ipsorum
1044 2858 1077 2914 et
1099 2868 1252 2937 penarum
1267 2846 1443 2914 earundem

129 2962 192 3031 quo
219 2941 258 3008 ad
282 2942 482 3009 solucionem
508 2940 712 3008 donariorum
739 2941 995 3031 septimanalium
1021 2950 1054 3008 et
1078 2944 1317 3031 presenciarum
1345 2942 1442 3009 dum-

128 3045 217 3103 taxat
235 3057 293 3127 per
318 3058 377 3103 eos
403 3034 509 3103 medio
536 3044 683 3124 tempore
699 3035 873 3103 dandorum
893 3046 925 3103 et
945 3036 1190 3120 soluendorum,
1214 3036 1442 3105 nichilominus

128 3150 210 3197 vero
247 3132 420 3198 formarunt
447 3129 580 3196 alierum
607 3149 876 3219 quarumcumque
900 3130 1044 3198 ecclesie
1068 3141 1182 3198 nostre
1216 3151 1442 3219 personarum,

128 3244 171 3291 ne
196 3234 286 3291 reatu
321 3227 453 3313 periurij
480 3226 585 3290 notari
623 3223 767 3304 valeant,
806 3223 1032 3312 suspendimus
1060 3227 1091 3291 in
1117 3223 1178 3310 hijs
1211 3228 1360 3312 scriptis,
1392 3227 1441 3311 jta

127 3317 294 3400 videlicet,
319 3318 415 3407 quod,
441 3329 608 3408 postquam
635 3317 796 3386 discordia
818 3317 993 3385 reformata
1020 3318 1074 3385 vel
1089 3328 1205 3406 treuge
1230 3321 1308 3386 inite
1323 3319 1442 3388 luerint

129 3421 161 3477 ut
187 3412 360 3500 prefertur,
394 3415 454 3499 ipsi
481 3421 512 3477 et
537 3432 647 3477 eorum
674 3412 809 3501 quilibet
834 3412 873 3479 ed
898 3412 1101 3480 solucionem
1134 3416 1276 3481 omnium
1313 3414 1437 3502 negle-

127 3513 251 3572 ctorum
277 3503 373 3572 etad
399 3504 642 3572 obseruunciam
667 3505 841 3573 formarum
868 3528 995 3573 suarum
1036 3508 1095 3575 sub
1120 3511 1214 3598 penis
1249 3510 1280 3574 in
1315 3509 1438 3576 eisdem

127 3603 297 3689 expressis
322 3598 590 3667 irremissibiliter
614 3607 785 3667 teneantur
810 3603 894 3668 sicut
917 3603 1016 3690 prius.

222 3734 261 3800 ln
288 3754 420 3821 quorum
447 3734 586 3802 omnium
613 3742 645 3800 et
682 3735 882 3823 singulorum
917 3737 1150 3825 premissorum
1189 3734 1437 3826 [testimonium]

125 3827 269 3990 :igilqun
294 3837 407 3990 331⁵er
422 3828 564 3896 ecclesie
590 3848 633 3894 ex
658 3838 747 3896 certa
773 3840 885 3898 nostra
900 3833 1044 3899 sciencia
1060 3827 1265 3918 presentibus
1287 3829 1436 3899 duximus

144 3945 227 4012 ppen
252 3943 293 3991 on
371 3971 380 3989 .

325 4116 401 4181 Cujus
423 4114 516 4167 mentio
539 4114 603 4166 iacta
625 4120 664 4166 est
685 4115 793 4181 sigillum
816 4117 892 4169 inscie
914 4113 1103 4169 membranacea
1124 4134 1156 4171 ex
1177 4119 1216 4172 bis
1238 4117 1329 4169 litteris
1351 4132 1437 4184 quou-

324 4195 380 4248 dam
402 4210 552 4265 suspensum
570 4197 624 4264 jam
646 4196 749 4249 omnino
771 4197 911 4252 abscissum
934 4204 981 4250 est.
