3158 4732
164 548 235 621 234
718 549 926 622 bionumeuta

165 745 198 809 iu
222 762 283 809 nos
309 743 492 832 recepimus
519 745 552 809 iu
576 742 661 809 hunc
686 741 835 810 modum:
861 740 966 831 quod.
988 761 1074 807 .n0s
1101 742 1333 811 uniuersaliter
1357 742 1476 832 singuli

165 845 199 903 et
223 834 434 925 singulariter
458 839 604 906 uniuersi
618 835 886 928 opposicionibus
901 834 1178 926 appellacionibus
1196 836 1332 925 aliisque
1357 837 1476 906 delen-

164 929 311 1000 sionibus
338 934 507 1020 oportunis
532 940 593 998 tem
631 931 728 999 lectis
764 953 856 1019 quam
892 929 1049 998 iaciendis
1077 951 1119 997 ex
1145 941 1236 1019 parte
1262 953 1321 999 seu
1346 935 1477 1000 nomine

164 1022 340 1093 reuerendi
365 1027 396 1092 in
424 1024 554 1093 Christo
580 1029 680 1115 patris
707 1036 741 1093 et
764 1026 884 1092 domini
910 1028 1013 1092 nostri
1039 1024 1158 1092 domiai
1181 1024 1355 1095 Alberti
1381 1026 1477 1093 electi

164 1129 198 1189 et
225 1117 404 1188 confirmati
439 1122 471 1188 iu
507 1123 694 1210 episcopum
731 1120 874 1188 ecclesie
910 1117 1236 1208 herbipolensis
1272 1142 1311 1187 ac
1347 1121 1475 1211 capituli

168 1214 314 1283 eiusdem
341 1213 486 1283 ecclesie
512 1234 551 1281 ac
576 1218 680 1283 tocius
716 1214 797 1282 cleri
831 1217 968 1282 ciuitatis
1002 1212 1327 1303 herbipolensis
1363 1225 1476 1283 contra

163 1309 382 1400 episcopalem
401 1311 621 1399 prouisionem
635 1331 693 1379 eeu
715 1329 887 1398 personam
909 1311 1138 1398 cuiuscumque
1153 1312 1275 1396 prouisi
1288 1309 1343 1377 vel
1359 1313 1475 1398 proui-

162 1402 258 1473 (leudi
281 1425 300 1470 a
330 1424 532 1493 quocumque
559 1407 787 1494 superiorein
813 1406 998 1495 episcopum
1025 1403 1169 1470 ecclesie
1196 1400 1475 1493 herbipolen-

164 1502 230 1568 sis
255 1496 401 1587 predicte
425 1496 559 1565 firmiter
585 1509 617 1565 et
642 1508 831 1566 constanter
855 1498 1005 1565 volumus
1040 1497 1199 1565 adherere
1232 1501 1392 1565 assistere
1418 1519 1475 1566 seu

162 1601 285 1677 astare,
310 1612 372 1659 nec
386 1590 569 1659 huiusmodi
582 1596 747 1680 prouisum
771 1612 829 1660 seu
854 1591 1084 1681 prouidendum
1110 1613 1169 1683 pro
1195 1594 1351 1682 episcopo
1377 1591 1475 1659 her-

163 1685 386 1776 bipolensi
427 1685 547 1752 habere
589 1707 648 1753 seu
686 1683 930 1776 quomodolibet
965 1695 1134 1775 reputare,
1172 1707 1277 1774 neque
1315 1689 1382 1754 suis
1421 1686 1474 1753 vel

163 1800 438 1871 quorumcumque
454 1783 656 1868 superiorum
683 1782 1042 1849 seuconmissariorum
1070 1799 1201 1846 suorum
1222 1783 1352 1846 monitis
1378 1803 1473 1848 man-

162 1874 244 1943 datis
270 1876 448 1943 sentenciis
481 1877 551 1941 siue
577 1878 690 1964 penis,
724 1879 753 1943 si
777 1877 827 1943 sic
851 1873 913 1942 dici
940 1882 1123 1954 merentur,
1157 1876 1334 1940 occasione
1358 1878 1474 1961 proui-

127 1971 266 2038 *sionis
291 1976 436 2057 pretecte
461 1970 532 2037 siue
556 1967 651 2036 iactis
677 1971 749 2037 siue
772 1967 886 2036 fiendis
913 1967 1074 2035 ullatenus
1100 1965 1244 2034 obedire.

256 2063 297 2131 Jn
329 2082 464 2150 quorum
499 2065 639 2130 omnium
675 2071 707 2129 et
739 2061 939 2149 singulorum
975 2059 1108 2128 euidens
1134 2063 1353 2128 testimonium
1379 2071 1475 2149 atque

161 2157 262 2224 robur
296 2155 439 2242 sigillum
465 2156 674 2224 fraternitatis
699 2165 813 2224 nostre
839 2155 878 2222 de
903 2164 1049 2223 nostrum
1088 2158 1226 2222 omnium
1253 2176 1417 2223 consensu
1444 2165 1476 2221 et

163 2250 410 2317 collaudacione
436 2250 584 2318 duximus
609 2249 813 2339 presentibus
840 2248 1092 2339 appendendum.

255 2346 371 2413 Datum
397 2365 481 2412 enno
507 2345 626 2412 domini
653 2343 826 2413 millesimo
843 2343 935 2412 CCC'
954 2342 1064 2411 Xbmo
1091 2352 1200 2425 sexto,
1226 2342 1306 2412 ieria
1333 2343 1473 2410 secunda

160 2448 236 2529 post
260 2437 343 2505 diem
370 2436 606 2528 purificacionis
629 2438 732 2507 blarie
757 2441 895 2526 virginis
922 2438 1080 2526 gloriose.

359 2631 437 2697 cujus
459 2630 553 2682 mentio
577 2631 641 2682 lacta
663 2636 703 2683 est
724 2630 834 2698 sigillum
863 2629 940 2683 inscie
966 2629 999 2681 de
1026 2629 1163 2682 litterarum
1193 2631 1302 2697 ipsarum
1330 2633 1473 2684 membrana

359 2709 474 2765 coniecta
496 2726 646 2779 suspensum
670 2712 724 2766 lere
745 2713 854 2772 omuino.
871 2713 997 2781 integrum
1019 2718 1066 2768 est.

741 3005 884 3075 LXXXI.

611 3192 701 3277 1346,
730 3192 777 3252 dle
799 3197 848 3256 11.
870 3194 1013 3256 februarii.

251 3363 487 3432 Eberhard
503 3389 551 3435 us
578 3367 618 3434 de
643 3367 845 3457 Ryedern
871 3369 1025 3454 decanus,
1050 3379 1215 3458 totumque
1238 3422 1244 3436 .
1273 3423 1280 3437 .
1298 3373 1469 3459 capitulum

158 3457 322 3526 ecclesiae
353 3458 692 3549 herbipolensis
731 3463 950 3552 capitulariter
983 3474 1015 3531 et
1041 3464 1248 3531 concorditer
1272 3470 1471 3534 committunt

156 3551 386 3620 Heinrico
419 3553 459 3622 de
491 3555 731 3646 Reynsteiu
769 3567 801 3624 et
839 3558 1088 3626 Eberhardc
1125 3560 1165 3625 de
1197 3558 1470 3648 Hohenberg‚

157 3650 388 3715 concanonicis
408 3649 638 3738 capitularibus
655 3653 685 3716 in
703 3650 786 3716 dicte
807 3653 962 3731 ecclesia,
978 3653 1226 3735 archidiaconis,
1252 3664 1285 3720 et
1297 3655 1469 3722 insolidum

158 3738 289 3807 cuilibet
314 3743 504 3827 eorundem,
544 3745 721 3833 plenariam
748 3744 928 3813 libertatern
969 3757 1002 3813 et
1034 3746 1241 3837 capitularem
1275 3759 1469 3837 potestatem

157 3834 348 3922 providendi
384 3836 424 3904 de
466 3859 608 3927 persona
645 3839 761 3906 idonea
797 3840 878 3907 inire
912 3840 986 3908 binc
1017 3852 1050 3909 et
1081 3845 1261 3930 proximum
1295 3843 1467 3932 capitulum

156 3933 385 4016 peremtorium
412 3934 549 4021 eJusque
574 3933 658 4001 diem
683 3934 845 4003 inclusive
879 3956 938 4024 per
973 3939 1055 4002 viam
1084 3935 1256 4003 electionis
1288 3957 1347 4004 seu
1373 3937 1467 4004 aliam
