3158 4732
713 501 921 571 Monumenta

820 905 848 961 5.

272 1077 410 1146 Guido
437 1073 653 1144 miseracione
679 1074 785 1144 diuina
810 1073 893 1142 tituli
919 1083 1032 1142 sancte
1065 1073 1189 1142 Cecilie
1215 1071 1388 1165 presbyter
1415 1094 1497 1141 car-

179 1172 313 1255 dinalis,
346 1171 528 1262 apostolice
555 1170 642 1239 sedis
668 1171 796 1258 legatus
830 1179 862 1236 et
898 1172 1130 1237 conmissarius
1157 1168 1196 1236 ad
1222 1167 1429 1257 infrascripta
1456 1167 1498 1234 ab

179 1268 290 1335 eadem
319 1267 399 1334 sede
425 1265 612 1355 specialiter
638 1265 819 1355 deputatus,
845 1264 1027 1331 venerabili
1052 1267 1083 1331 in
1111 1261 1241 1333 Christo
1266 1265 1373 1351 patri.
1398 1314 1406 1328 .
1434 1284 1496 1332 ar·

178 1362 385 1451 chiepiscopo
412 1363 666 1449 maguntino
693 1359 829 1428 salutem
855 1361 886 1424 iu
912 1357 1054 1425 domino.

272 1454 324 1522 Ad
350 1455 508 1522 cumulum
534 1466 648 1522 nostre
673 1454 758 1523 cedit
784 1452 896 1521 salutis
913 1453 1057 1536 etfama,
1083 1455 1111 1520 si
1136 1473 1296 1542 personas
1323 1451 1494 1519 ecclesia-

180 1554 279 1620 sticas
307 1553 477 1639 presertim
505 1548 678 1639 pontificali
705 1549 860 1638 dignitate
887 1546 1012 1615 dotatas
1039 1548 1145 1614 diuina
1167 1548 1420 1636 propiciacionis
1437 1550 1495 1612 in-

179 1649 256 1711 tuitu
283 1647 522 1731 prosequamini
548 1647 657 1730 gracia
684 1646 834 1733 oportuni
854 1640 992 1748 presidij
1019 1651 1051 1710 et
1075 1641 1210 1710 fauoris.

271 1738 348 1804 Cum
377 1741 483 1825 itaque
510 1740 734 1805 sanctissimus
760 1746 850 1826 pater
876 1745 908 1802 et
933 1737 1081 1805 dominus
1100 1735 1377 1806 nosterdominus
1394 1733 1494 1803 Gle-

179 1854 296 1899 mens
330 1832 435 1898 diuina
467 1832 674 1921 prouidcncia
711 1853 791 1922 papa
825 1828 869 1896 Vl
901 1830 996 1897 nubis
1030 1830 1144 1897 dudum
1182 1852 1258 1898 suas
1292 1830 1495 1918 apostolicas

178 1927 334 1993 direxerit
360 1926 508 2010 litteras,
533 1929 617 1994 inter
641 1936 751 1994 cetera
777 1928 982 1993 continentes
1008 1923 1093 2013 quod
1117 1924 1267 1991 dilectum
1301 1929 1333 1993 in
1360 1923 1494 1992 Christo

176 2019 260 2086 Alb
275 2032 407 2087 ertum
434 2022 474 2089 de
499 2021 768 2103 Hoheuloch
794 2025 820 2088 si
846 2020 995 2111 ydoneus
1022 2029 1125 2105 esset,
1141 2029 1173 2086 et
1188 2017 1284 2086 uobis
1310 2019 1494 2107 expediens

178 2114 366 2197 uideretur,
392 2117 537 2186 ecclesie
563 2115 874 2207 herbipolensi
906 2125 981 2182 tuuc
1006 2117 1131 2181 uacenti
1157 2134 1213 2202 per
1238 2113 1493 2182 translacionem

179 2209 288 2275 dilecti
314 2212 344 2275 in
372 2207 502 2275 domino
529 2210 711 2278 Alberti
736 2211 834 2278 electi
869 2209 1167 2297 frisingensis
1193 2208 1232 2276 de
1257 2230 1298 2276 eo
1324 2207 1362 2274 ad
1390 2211 1493 2296 ipsam

178 2303 492 2390 frisingensem
519 2305 692 2371 ecclesiam
717 2304 832 2370 factam
860 2303 1090 2393 proficeremus
1118 2307 1150 2370 in
1177 2354 1184 2369 .
1212 2355 1219 2369 .
1247 2306 1436 2393 episcopum
1461 2314 1496 2370 et

177 2408 354 2486 pasionem,
380 2419 505 2486 nosque
530 2398 570 2465 de
596 2401 696 2487 ipsius
713 2419 855 2487 persone
871 2401 994 2465 meritis
1009 2397 1201 2485 diligencius
1217 2401 1372 2488 inquisito
1387 2399 1494 2488 ipsum

180 2492 219 2557 ad
247 2492 309 2557 hoc
334 2495 552 2560 inuenerimus
578 2492 651 2560 fore
675 2493 860 2583 ydoneum,
886 2501 919 2558 et
944 2513 1002 2582 pro
1028 2491 1153 2580 prefate
1180 2491 1323 2559 ecclesie
1346 2490 1494 2558 herbi-

178 2588 385 2675 polensis
411 2588 546 2654 utilitate
571 2589 645 2656 fure
670 2587 933 2677 quamplurimum
960 2585 1199 2676 expedientem,
1221 2590 1323 2676 ipsum
1346 2586 1396 2653 dei
1423 2608 1493 2655 no-

178 2686 262 2747 mine
295 2685 444 2748 inuocato
482 2684 605 2772 prefate
637 2682 946 2770 herbipolensi
988 2681 1131 2748 ecclesie
1164 2684 1195 2748 in
1223 2732 1229 2747 .
1258 2733 1265 2748 .
1302 2685 1492 2771 episcopum

177 2776 372 2863 prefecimus
400 2787 432 2842 et
457 2789 640 2866 pastorem,
666 2799 774 2844 curam
801 2786 833 2843 et
859 2777 1173 2843 administracionem
1200 2779 1300 2865 ipsius
1327 2775 1386 2842 sibi
1414 2776 1493 2864 ple-

177 2875 266 2936 narie
293 2871 527 2953 conmittendo,
553 2883 647 2960 prout
673 2875 704 2939 in
732 2873 848 2939 litteris
875 2875 996 2938 nostris
1022 2892 1079 2959 per
1102 2892 1162 2937 nos
1185 2870 1287 2936 eidem
1305 2869 1491 2938 Alberto

180 2988 277 3053 super
304 2964 483 3031 huiusmodi
510 2969 699 3053 prouisione
726 2969 897 3032 concessis
923 2969 1081 3054 premissa
1098 2967 1256 3031 seriosius
1272 2969 1490 3034 eontinentur.

272 3059 393 3125 Verum
419 3064 503 3148 quia
544 3070 577 3126 ut
613 3059 694 3126 idem
721 3058 934 3126 Albertus
960 3110 968 3125 .
997 3111 1004 3125 .
1030 3060 1155 3126 electus
1181 3063 1211 3125 in
1239 3063 1402 3127 conmissa
1429 3060 1492 3127 sibi

178 3153 322 3220 ecclesie
355 3153 684 3243 herbipolensis
726 3153 869 3242 predicte
904 3174 981 3218 cura
1014 3153 1140 3220 facilius
1174 3154 1334 3242 proficere
1370 3154 1493 3238 valeat,

176 3257 287 3312 uester
320 3249 412 3313 fauor
438 3271 515 3315 esse
541 3247 600 3314 sibi
634 3261 788 3316 noscatur
822 3247 989 3337 plurimum
1028 3258 1224 3336 oportunus:
1266 3252 1491 3336 paternitatem

178 3352 318 3405 uestram
346 3347 537 3409 auctoritate
562 3337 742 3431 apostolica
775 3342 956 3432 supradicta
991 3364 1052 3430 qua
1089 3352 1121 3407 ut
1155 3341 1328 3430 predicitur
1364 3345 1396 3409 in
1429 3342 1492 3409 hac

175 3446 266 3524 parto
291 3437 452 3521 fungimur
476 3441 679 3527 presencium
706 3448 821 3504 tenore
849 3458 1001 3525 rogamus
1028 3447 1060 3504 et
1082 3437 1246 3504 hortamur
1271 3447 1404 3520 attente„
1422 3459 1490 3504 vo-

178 3531 226 3595 bis
254 3530 478 3598 nichilominus
505 3534 616 3599 eadem
644 3536 834 3598 anctoritate
860 3533 1059 3613 mandantes,
1087 3542 1242 3620 quatenus
1258 3572 1303 3578 —
1327 3531 1490 3598 Alber-

178 3635 254 3689 tum
290 3676 296 3689 .
325 3677 331 3689 .
367 3625 503 3691 electum
544 3639 576 3694 et
609 3627 782 3693 ecclesiam
824 3626 1177 3715 herbipolensem
1223 3626 1385 3715 predictos
1414 3629 1491 3711 jure

176 3720 389 3807 metropolico
416 3719 511 3787 vobis
538 3721 703 3790 subiectos
730 3720 888 3788 habentes
915 3744 973 3809 pru
1000 3720 1143 3810 predicte
1181 3721 1269 3788 sedis
1296 3724 1489 3786 reuerencia

176 3825 208 3879 et
233 3825 344 3880 nostra
369 3820 560 3903 perpensius
595 3816 828 3882 cttrrmendatos
855 3856 900 3862 —
927 3820 1028 3904 ipsum
1063 3818 1093 3880 in
1130 3815 1317 3904 ampliandis
1345 3825 1376 3878 et
1401 3835 1489 3881 con-

175 3908 344 3976 seruandis
364 3909 490 3996 juribus
517 3915 583 3977 suis
606 3915 654 3979 sic
683 3913 805 3978 fauoris
832 3914 932 3975 uestri
958 3910 1102 3999 presidio
1128 3912 1377 3999 prosequamini,
1403 3911 1490 3998 quod
