3158 4732
131 513 176 582 38
682 512 888 582 Monumenta

131 702 363 770 dormicionem
389 700 595 769 meridianam
622 722 640 768 a
663 699 749 770 lesto
776 697 896 790 pasche
928 719 1033 788 vsque
1058 701 1088 767 in
1116 698 1199 767 diem
1226 699 1445 769 exaltacionis

132 807 245 864 sancte
272 800 378 864 crucis
403 818 531 865 necnon
557 804 740 886 pertulum
766 814 883 862 annum
909 816 927 862 a
952 804 1100 884 ternpore
1125 793 1247 885 prandij
1274 816 1380 884 vsque
1406 795 1445 862 ad

131 912 247 959 nonam
273 890 471 959 decantatam
499 902 531 960 et
556 890 595 958 de
620 900 717 959 nocte
735 889 939 978 conpletorio
964 888 1045 957 hora
1071 887 1176 956 debita
1208 899 1341 979 peracto
1368 909 1446 957 mox

132 985 297 1052 claudatur
322 995 355 1052 et
379 986 509 1053 clausus
535 996 662 1053 maneat
698 983 835 1053 ambitus
866 1004 970 1074 usque
996 1005 1089 1051 mane
1116 983 1154 1052 ad
1179 983 1299 1051 claram
1337 983 1444 1051 lucem

131 1081 213 1148 solis
241 1102 300 1148 seu
325 1080 419 1148 diem.
481 1082 565 1149 dtem
600 1080 684 1169 quod
721 1077 901 1147 mandatnm
937 1079 1074 1168 siugulis
1101 1077 1242 1146 sabbatis
1280 1076 1377 1146 modo
1412 1088 1446 1147 et

131 1176 236 1243 forma
262 1175 374 1266 quibus
400 1178 488 1265 prius
514 1177 685 1242 consueuit
709 1172 779 1241 lieri
804 1182 988 1263 peragatur.
1038 1174 1122 1241 ltem
1149 1172 1233 1262 quod
1255 1193 1370 1241 ornnes
1399 1225 1406 1238 .
1435 1225 1442 1239 .

130 1269 251 1339 iratres
277 1279 310 1337 et
335 1322 367 1336 ..
394 1269 541 1337 scolares
568 1268 762 1336 claustrales
787 1265 1022 1336 refectionibus
1047 1266 1264 1358 spiritualibus
1288 1266 1445 1336 videlicet

132 1386 202 1432 cum
227 1361 420 1432 lectionibus
445 1367 477 1431 in
502 1362 678 1431 refectorio
705 1365 856 1431 conmuni
876 1362 1048 1430 comedere
1073 1372 1243 1431 teneantur
1268 1372 1301 1430 et
1325 1382 1445 1430 come-

131 1457 206 1526 dant
231 1461 399 1525 conmunia
424 1456 561 1541 fercula,
598 1461 744 1546 exceptis
772 1456 904 1526 infirmis
930 1456 1194 1527 decumbentibus
1220 1478 1279 1527 seu
1304 1455 1445 1524 distem·-

134 1555 254 1642 peratis
280 1561 333 1619 aut
358 1555 485 1619 minutis
512 1573 570 1619 seu
595 1551 761 1619 consolari
787 1550 974 1640 specialiter
1010 1551 1200 1620 debentibus
1238 1550 1277 1619 de
1303 1551 1443 1620 licencia

132 1648 247 1715 saltern
277 1699 283 1713 .
309 1696 317 1713 .
346 1648 476 1735 prioris,
511 1649 563 1735 qui
585 1648 621 1733 ju
646 1644 819 1713 intirmaria
844 1643 1019 1713 comedere
1052 1655 1086 1713 et
1116 1644 1206 1713 reliei
1238 1645 1443 1714 tenebuntur.

131 1743 171 1810 ln
198 1763 258 1831 qua
284 1739 456 1809 infirmaria
480 1741 631 1810 volumus
670 1750 703 1808 et
735 1740 880 1807 iubemus
905 1737 976 1806 lieri
1002 1748 1112 1827 stupas
1138 1740 1177 1806 ad
1211 1743 1315 1807 minus
1350 1740 1444 1824 duas,

132 1847 163 1902 et
189 1836 251 1903 duo
279 1835 433 1904 cenacula
459 1858 517 1904 seu
542 1835 724 1904 habitacula
749 1835 917 1920 distincta,
948 1844 982 1901 nt
1006 1831 1121 1901 infirmi
1146 1843 1179 1901 et
1211 1832 1443 1902 decumbentes

131 1951 190 2019 pro
216 1951 253 1997 se
279 1940 311 1996 et
336 1929 389 2015 alij
416 1930 634 2019 distemperuti
675 1951 733 1997 seu
766 1932 876 1997 minuti
909 1929 962 1997 uel
987 1929 1068 1997 alias
1093 1928 1258 1997 consolari
1284 1926 1443 1997 debentes

131 2046 190 2113 pro
218 2045 254 2092 se
279 2022 417 2091 babeant
442 2044 500 2091 sua
526 2022 664 2091 comoda
690 2031 849 2111 separata.
898 2024 968 2105 Que
1002 2027 1104 2091 eciam
1135 2022 1312 2111 infirmaria
1333 2020 1444 2091 debet

131 2118 252 2186 habere
278 2120 459 2207 coquinam,
484 2126 516 2184 et
541 2116 685 2185 adminus
711 2136 808 2184 vnum
834 2115 985 2182 tumulum
1012 2122 1190 2207 expensis.
1208 2170 1215 2185 .
1232 2115 1444 2186 discumben-

132 2217 214 2280 ciurn
240 2234 298 2302 pro
314 2223 461 2302 tempore
486 2215 518 2279 in
532 2210 705 2280 intirmaria
719 2209 848 2294 ibidem,
873 2218 926 2277 aut
941 2209 1056 2278 saltem
1082 2214 1115 2280 in
1141 2212 1270 2280 deiectu
1296 2211 1443 2280 discum-

132 2307 279 2373 bencium
312 2305 429 2375 ibidem
466 2305 506 2373 de
541 2303 753 2374 conmunibus
792 2302 886 2372 bouis
925 2314 1105 2374 conuentus
1138 2306 1374 2395 procurandum
1410 2315 1444 2375 et

133 2400 379 2490 appreciandum
404 2422 462 2490 per
497 2453 504 2468 .
542 2453 549 2468 .
586 2400 791 2468 cellerarium
824 2420 882 2487 pro
908 2408 1055 2490 ternpore
1081 2403 1276 2468 existentem
1302 2398 1443 2468 ibidem:

133 2493 337 2585 quiquidem
376 2494 514 2563 ramulus
548 2498 580 2563 in
601 2492 778 2583 julirmaria
803 2496 984 2561 existentes
1010 2498 1164 2586 respiciat
1199 2498 1305 2564 eleis
1343 2497 1444 2562 mini-

134 2588 266 2659 strando
292 2597 455 2678 procuret.
504 2589 581 2658 Alie
606 2610 688 2656 vero
715 2597 808 2678 stupe
844 2607 909 2655 non
943 2589 1007 2655 sint
1031 2600 1084 2656 aut
1110 2601 1259 2659 maneant
1284 2611 1343 2659 seu
1368 2587 1445 2658 bant

133 2688 262 2774 inipso
289 2685 487 2751 monasterio
514 2683 742 2752 seuclaustro
781 2703 839 2773 pro
877 2692 1036 2751 conuentu
1070 2704 1129 2752 seu
1162 2685 1268 2774 aliqua
1301 2706 1445 2775 persona

134 2778 187 2845 uel
213 2779 322 2846 cilicio
348 2785 527 2845 conuentus
553 2798 645 2866 quam
671 2778 880 2846 refectorium
907 2799 1066 2846 conmune
1091 2787 1124 2846 et
1147 2800 1245 2847 vnum
1270 2779 1442 2846 comodum

135 2893 205 2939 curn
232 2883 324 2962 stupa
349 2923 358 2940 .
386 2923 394 2939 .
420 2871 581 2957 cellerarij
609 2871 748 2941 odicine.
809 2871 878 2940 Nee
910 2873 1025 2962 aliquis
1062 2874 1255 2942 secularium
1281 2873 1443 2963 hominum

135 2967 290 3034 laicorum
317 2969 349 3032 in
374 2968 563 3035 dormitorio
590 2986 649 3034 sen
673 2969 705 3032 in
727 2967 905 3054 jniirmaria
920 2967 974 3034 uel
990 2970 1020 3034 in
1047 2969 1190 3038 claustro
1217 2968 1365 3036 comedat
1389 2968 1443 3035 uel

137 3060 292 3144 dormiat,
328 3070 383 3128 aut
417 3059 456 3128 ad
493 3058 712 3130 dormiendum
748 3083 807 3128 seu
843 3060 883 3129 ad
926 3083 1016 3130 esum
1060 3063 1115 3132 uel
1152 3074 1261 3154 potum
1296 3073 1444 3152 tempore

135 3155 348 3223 refectionum
397 3159 568 3244 presertim
610 3154 840 3223 ordinariarnm
882 3157 1062 3248 aliqualiter
1107 3156 1289 3227 admittatur
1323 3156 1444 3247 absque

135 3250 271 3317 licencia
297 3248 432 3339 speciali
457 3251 573 3319 saltem
600 3249 715 3319 ibidem
743 3300 750 3314 .
789 3253 941 3339 .prioris
976 3252 1009 3321 id
1043 3272 1087 3321 ex
1122 3273 1219 3322 causa
1252 3252 1442 3321 racionabili

135 3343 345 3431 indulgentis,
370 3347 517 3434 exeeptis
543 3356 650 3414 tamen
674 3345 806 3413 fratrum
832 3340 949 3412 ibidem
976 3348 1142 3415 ministris.

230 3436 349 3507 Custos
374 3460 501 3529 quoque
533 3461 591 3529 pro
626 3450 772 3531 tempore
806 3440 953 3507 existens
987 3453 1113 3531 portam
1149 3443 1309 3532 cymiterii
1341 3444 1444 3530 ipsius

136 3535 323 3620 monasterij
351 3533 454 3602 claudi
483 3555 542 3603 seu
568 3538 672 3601 serari
698 3534 837 3624 singulis
862 3530 975 3602 diebus
1003 3547 1044 3605 et
1068 3539 1208 3628 apperiri
1244 3534 1443 3626 temporibus

137 3630 304 3719 oportunis
331 3639 492 3717 procuret.

228 3723 386 3790 Preterea
411 3732 444 3791 ut
469 3744 565 3814 supra
579 3719 756 3790 ordinando
769 3722 927 3806 iubemus,
952 3722 1096 3812 quod-
1111 3747 1181 3794 cum
1207 3728 1239 3793 in
1264 3725 1443 3794 inclusorio

135 3817 252 3886 ibidem
276 3837 342 3885 non
379 3819 444 3885 sint
478 3841 541 3887 nec
575 3837 634 3907 per
669 3815 769 3905 longa
805 3827 951 3908 tempora
983 3817 1104 3888 fuerint
1136 3820 1292 3888 hacteuus
1324 3819 1445 3888 femine

138 3914 297 4002 religiose
322 3932 382 3980 sen
406 3912 544 3999 incluse,
568 3910 625 3983 sed
651 3911 820 3981 seculares
856 3910 1014 3981 mundano
1053 3914 1162 3984 habitu
1186 3913 1388 3999 incedentes,
1413 3926 1446 3982 et
