3158 4732
131 495 177 561 88
672 487 882 557 Monumenta

127 681 253 769 juribus
286 690 320 748 et
356 679 564 769 pertinenciis
599 678 668 746 suis
703 678 838 766 quesitis
876 688 910 746 et
943 676 1155 768 inquirendis,
1190 676 1443 768 quibuscumque

131 773 314 845 nominihus
339 781 546 854 censeantur,
578 791 648 838 cum
674 773 839 840 uniuersis
864 775 966 840 eciam
1001 781 1035 840 et
1059 771 1196 861 singulis
1217 775 1444 861 instrumentis

132 880 165 937 et
187 870 306 938 litteris
344 889 406 957 que
431 877 464 935 et
497 885 578 956 quas
616 864 757 955 desuper
792 868 853 956 ipsi
885 866 1013 951 hahent,
1049 865 1180 936 domino
1213 878 1328 937 nostro
1362 867 1443 934 lesu

133 963 262 1032 Christo
288 964 430 1032 creatori
455 970 489 1028 et
513 959 670 1029 saluatori
690 970 877 1030 cunctorum
903 971 937 1029 et
955 960 1073 1030 Christi
1097 962 1291 1053 pauperibus
1305 963 1358 1051 qui
1384 982 1444 1051 pro

131 1068 279 1150 tempore
303 1060 335 1125 in
360 1055 512 1147 hospitali
548 1053 721 1143 deguerint
744 1075 803 1122 seu
840 1054 961 1124 inerint
984 1056 1191 1147 infrascripto
1227 1078 1267 1126 ac
1290 1055 1444 1147 hospitali

132 1153 237 1222 eidem
258 1155 295 1240 ju
310 1173 421 1242 param
447 1160 480 1218 et
504 1159 691 1241 perpetuam
707 1147 920 1218 elemosinam
939 1149 1167 1221 fundacionem
1193 1151 1444 1220 etdotaeionem

132 1247 335 1318 restaurandi
370 1267 409 1314 ac
433 1242 630 1313 instaurandi
666 1242 836 1333 hospitalis
875 1244 914 1311 ad
948 1249 1052 1314 instar
1086 1266 1145 1315 seu
1170 1248 1444 1336 consequenciam

132 1345 250 1433 prioris
276 1343 395 1431 antiqui
421 1338 606 1429 hospitalis,
629 1358 757 1408 necnon
783 1339 932 1429 cappelle
959 1362 1030 1408 curn
1044 1343 1216 1432 cymiterio
1241 1362 1301 1431 pro
1325 1338 1443 1408 ibidem

132 1433 465 1506 ..decumbencium
490 1432 668 1523 sepultura,
700 1453 739 1499 ac
764 1435 866 1500 eciam
904 1445 1060 1524 perpetue
1098 1434 1263 1527 prehende
1299 1454 1445 1522 congrue

133 1541 166 1599 et
191 1530 336 1598 decentis
372 1530 519 1619 perpetui
545 1536 577 1596 et
601 1525 818 1594 ecclesiastici
856 1525 1005 1616 beneficij
1041 1551 1099 1620 pro
1137 1582 1177 1603 ..
1216 1530 1388 1599 sacerdote
1414 1532 1445 1596 in

133 1624 313 1694 huiusmodi
342 1622 510 1712 hospitalis
536 1619 683 1712 cappella
708 1619 815 1688 diuina
852 1622 957 1691 officia
983 1623 1153 1693 celebrare
1169 1645 1216 1705 ¹aare
1242 1675 1250 1690 .
1278 1622 1446 1710 ‚julirmis

134 1741 173 1788 ac
198 1771 205 1786 .
232 1770 239 1786 .
266 1718 454 1787 domesticis
478 1719 579 1806 ipsius
596 1715 765 1806 hospitalis
792 1716 1018 1786 ecclesiastica
1033 1728 1236 1788 sacramenta
1261 1721 1447 1786 ministrare

133 1812 285 1898 debente,
313 1809 583 1901 jnstituendarum
618 1808 773 1900 siquidsrn
806 1809 914 1879 debite
947 1832 1006 1902 per
1039 1835 1101 1882 nos
1134 1814 1325 1881 auctoritate
1351 1810 1447 1881 ordi-

133 1911 224 1977 naria
244 1911 281 1994 jn
304 1906 432 1974 laudern
457 1916 490 1973 et
514 1904 557 1974 ob
583 1901 867 1973 honorificenciam
893 1909 1094 1976 meritoriam
1120 1909 1368 1997 cunctipotentis
1394 1905 1446 1974 dei

133 2013 167 2071 et
197 2011 385 2072 sanctorum
423 1998 639 2090 Stephani
673 1999 932 2088 prothomartiris
967 2011 999 2068 et
1030 2003 1264 2088 Laurencij
1302 2003 1445 2069 martiris

132 2097 303 2166 leniturum
338 2115 377 2162 ac
413 2094 619 2181 Anthonij
652 2092 857 2162 confessoris
888 2098 974 2181 jutra
1010 2107 1103 2186 septa
1136 2094 1294 2165 videlicet
1325 2117 1446 2164 mona-

134 2194 226 2260 sterii
262 2241 304 2257 ..
341 2186 630 2258 sanctimonialium
668 2187 784 2255 ibidem
831 2190 863 2255 in
904 2188 1134 2279 Kitzingen
1177 2189 1300 2259 ordinis
1342 2192 1447 2258 sancti

132 2284 300 2353 Benedicti
321 2287 357 2370 in
383 2284 471 2349 curia
496 2280 640 2350 eiusdem
666 2285 855 2350 monasterii
887 2282 926 2350 ab
952 2287 1082 2375 antiquo
1108 2282 1336 2375 Spitelhoi
1357 2305 1446 2352 nun-

134 2389 247 2470 cupata
271 2400 310 2446 ac
335 2381 368 2445 in
393 2374 490 2444 domo
508 2379 610 2466 ipsius
628 2379 818 2444 monasterii
843 2398 905 2467 que
920 2376 1012 2466 wlgo
1040 2380 1117 2450 Sal
1141 2378 1257 2447 dieitur
1276 2380 1312 2465 Jn
1339 2399 1447 2468 quan-

133 2484 198 2542 tarn
231 2472 432 2563 protenditur
465 2470 505 2538 ab
537 2470 658 2559 angulo
691 2474 830 2561 coquine
868 2470 1002 2540 abbacie
1040 2473 1157 2542 ibidem
1193 2477 1279 2541 circe
1311 2472 1446 2541 eandem

133 2573 301 2659 coquinam
316 2586 421 2657 usqae
446 2564 485 2632 ad
499 2564 638 2655 plateam
664 2565 821 2655 publicam
837 2587 958 2636 versus
981 2567 1097 2637 dictam
1114 2571 1275 2636 ciuitatem
1301 2577 1446 2636 nostram

133 2662 488 2753 herbipolensem
521 2670 554 2727 et
586 2681 604 2728 a
642 2660 725 2727 dicta
760 2665 896 2749 coquina
932 2682 1037 2752 usque
1074 2664 1113 2731 ad
1151 2660 1309 2753 capellam
1343 2665 1447 2731 sancti

133 2758 301 2827 Andros
326 2755 467 2848 apostoli
492 2754 668 2824 secundum
694 2754 813 2822 totales
851 2760 991 2846 ipsarum
1017 2757 1132 2827 domus
1158 2768 1191 2825 et
1215 2759 1306 2825 curie
1330 2756 1445 2845 longi-

134 2852 262 2922 tudines
286 2861 320 2920 et
343 2850 527 2919 latitudines
546 2871 585 2916 ac
600 2850 885 2920 circumferencias
911 2859 945 2919 vt
960 2863 1093 2943 apparet
1118 2873 1197 2944 pura
1212 2852 1338 2942 quidem
1364 2872 1447 2942 per-

133 2957 229 3039 petua
253 2957 286 3015 et
309 2944 518 3014 irreuocahili
555 2965 594 3011 ac
619 2943 764 3034 perlecta
792 2947 881 3032 Jnter
917 2948 1012 3016 vinos
1051 2948 1232 3016 donacione
1257 2944 1315 3015 sub
1341 2946 1447 3015 rnodis

132 3042 246 3111 formis
285 3037 528 3110 condicionibus
565 3038 808 3109 retencionibus
847 3050 880 3108 et
904 3040 1168 3113 ordinacionibus
1204 3041 1382 3110 iniratactis
1408 3063 1448 3109 ac

133 3140 236 3205 eciam
261 3140 295 3204 in
319 3133 500 3204 huiusmodi
522 3132 692 3224 hospitalis
726 3144 759 3202 et
784 3135 985 3225 cappellanis
1005 3139 1228 3224 jhstitucionis
1261 3145 1294 3203 et
1321 3134 1447 3204 confir-

133 3235 290 3301 macionis
325 3230 442 3299 litteris
475 3232 597 3298 nostris
635 3227 762 3319 Plenius
799 3230 1019 3320 exprimendis
1053 3231 1181 3301 meliori
1207 3232 1323 3320 quippe
1349 3229 1446 3299 modo

134 3337 167 3395 et
189 3326 293 3395 forme
329 3324 442 3415 quihus
466 3323 506 3391 de
544 3327 615 3390 iure
647 3343 707 3391 seu
739 3323 973 3394 consuetudine
1010 3335 1183 3415 potuerant
1216 3344 1325 3392 coram
1350 3323 1447 3393 nohis

134 3431 166 3489 et
191 3472 224 3490 ..
251 3423 379 3489 notario
405 3417 532 3509 publico
559 3438 598 3484 ac
624 3469 656 3485 ..
681 3417 817 3486 testibus
836 3418 1064 3511 infrascriptis,
1085 3422 1327 3508 juterneniente
1342 3422 1445 3487 eciam

133 3515 279 3604 legitime
303 3517 527 3582 insinuacione
551 3522 665 3583 nostra
689 3511 856 3600 judiciaria
880 3523 944 3582 tam
984 3515 1210 3585 ecclesiastica
1234 3535 1327 3603 marn
1343 3517 1446 3581 eciam

134 3611 275 3679 seculari
300 3617 432 3700 propter
458 3628 633 3677 excessum
658 3618 691 3675 et
715 3611 748 3674 in
775 3629 918 3678 excessu
942 3630 1067 3678 summe
1092 3631 1152 3679 seu
1177 3611 1353 3678 excessiuo
1378 3629 1445 3676 va-

132 3704 206 3773 lore
231 3708 477 3794 quingentorum
503 3722 673 3771 aureorum
713 3704 745 3769 in
769 3700 950 3772 huiusmodi
983 3704 1173 3775 donacionis
1199 3702 1294 3772 bonis
1320 3724 1446 3772 secun-

134 3799 206 3866 dum
228 3803 310 3886 juris
337 3800 540 3887 exigsnciam
573 3800 772 3866 interuenire
797 3796 947 3885 debente,
970 3802 1032 3866 rite
1058 3796 1213 3867 dederunt
1246 3797 1448 3865 donauerunt

134 3903 370 3963 concesserunt
404 3892 582 3961 tribuerunt
620 3902 654 3961 et
677 3890 876 3961 tradiderunt
910 3916 948 3962 ac
982 3897 1086 3962 eciam
1120 3896 1381 3982 assignauerunt,
1408 3913 1447 3959 ac
