3150 5166
15 39 1552 369 ,ΜΞ

138 880 205 947 tae
676 880 886 948 numu

136 1070 204 1133 sina
243 1066 331 1135 stiftz
363 1068 483 1135 sochen
521 1067 660 1155 kriegen
700 1066 768 1136 und
790 1056 891 1135 nt‘rten
927 1076 1079 1157 aaran
1111 1066 1180 1135 ud
1212 1064 1370 1135 behaldan
1398 1068 1452 1135 sta

137 1162 242 1228 wider
266 1162 515 1249 alternengtich
540 1166 596 1230 mit
621 1158 721 1251 gdteu
744 1174 874 1231 treweu
898 1184 963 1231 nne
985 1160 1143 1251 genardo.

231 1256 302 1323 Vnd
328 1258 387 1323 daz
410 1259 476 1325 atie
499 1256 760 1346 vorgescirriben
791 1256 892 1345 dinge
923 1278 992 1325 ron
1025 1261 1088 1325 nir
1117 1256 1186 1325 rnd
1220 1254 1311 1323 alten
1340 1258 1452 1323 arinen

134 1350 234 1417 orben
260 1352 309 1417 ais
334 1372 435 1419 verre
459 1356 488 1420 si
513 1347 575 1421 ins
600 1352 758 1421 antreffen
769 1354 890 1439 wigen
911 1352 985 1419 also
1009 1344 1089 1419 stet*
1111 1349 1179 1419 vnd
1199 1348 1451 1419 morumne

135 1444 295 1531 gehaiden
321 1447 470 1514 werden.
495 1468 535 1513 so
560 1446 622 1513 han
647 1447 698 1513 ich
722 1442 763 1513 zr‘r
787 1450 851 1513 einr
876 1444 1046 1535 gemkniz
1069 1444 1138 1513 vot
1161 1466 1277 1513 waren
1299 1442 1451 1513 nknnde

136 1540 276 1607 dardber
299 1540 350 1608 iirr
374 1542 458 1609 mich
482 1541 548 1608 und
573 1544 637 1608 nin
671 1541 773 1610 erben
807 1544 927 1609 minem
950 1540 1138 1628 organun
1168 1540 1290 1609 herren
1321 1537 1455 1607 utsetiot

130 1634 260 1796 Ιξηῑεη
286 1637 351 1703 vnd
376 1640 437 1703 sim
462 1636 531 1703 stiit
554 1636 706 1724 gegeben
739 1638 798 1704 urit
827 1639 947 1704 minem
978 1634 1105 1724 indiget
1136 1634 1334 1724 verinsigelt
1356 1634 1451 1702 dhan

152 1730 225 1797 ries.

228 1826 296 1891 Der
320 1824 428 1912 geben
452 1828 496 1892 ist
520 1825 562 1891 do
577 1846 649 1891 man
674 1825 741 1893 nult
763 1822 847 1891 nach
861 1822 1450 1911 cnsrsgetdntidrtnetnntnntan

127 1922 201 2005 jare
228 1920 290 1985 vnd
314 1923 345 1985 in
372 1920 444 1986 deni
470 1918 542 1986 tunt
563 1918 628 1986 und
652 1922 878 2009 vpertzigaten
898 1922 986 2005 jare,
1009 1940 1051 1986 an
1075 1918 1149 1987 darn
1172 1918 1313 1987 natatem
1337 1917 1450 2009 trptng

132 2032 194 2079 vor
219 2024 292 2079 eant
316 2014 506 2081 Boniiacien
530 2012 595 2081 tak.

333 2208 438 2269 sinaut·
459 2222 567 2274 quornm
588 2208 684 2260 nautio
704 2206 770 2259 iacta
790 2212 831 2259 ert
851 2206 935 2274 sigilla
956 2207 1043 2261 tueiir
1062 2207 1263 2261 unuin-eeu
1283 2222 1317 2259 ex
1337 2214 1448 2274 utrm

330 2290 417 2341 irarum
438 2290 578 2342 titteraronr
600 2288 735 2373 enuptpri
756 2289 884 2355 quontn
904 2304 1029 2357 nepem
1046 2292 1099 2357 jn
1118 2290 1233 2343 :batim
1253 2294 1323 2343 aaut

760 2591 824 2659 LII.

625 2778 951 2856 mmmm

227 2958 364 3025 (iuteo
407 2958 510 3024 dietus
547 2955 770 3043 Slegevaz
804 2958 887 3021 civis
921 2954 1271 3044 herbipolensis.
1309 2982 1368 3046 per
1393 2960 1445 3027 dei

129 3056 265 3133 pretinm
292 3074 391 3120 uentre
419 3060 526 3118 mente
543 3061 574 3117 et.
591 3071 727 3139 compos
752 3053 900 3131 rationise
925 3049 1009 3115 bona
1025 3061 1057 3116 et
1072 3061 1195 3117 matura
1208 3050 1446 3122 deliberatione

132 3146 329 3239 praehabita,
356 3168 414 3235 pro
430 3168 510 3213 suae
526 3149 653 3212 animae
680 3144 825 3211 remedio
851 3167 889 3210 ac
913 3156 1046 3233 propter
1072 3143 1228 3214 beneficia
1255 3149 1444 3239 quamplura

130 3244 170 3311 ab
195 3244 338 3310 taeoieaia
364 3240 668 3331 herbipolensi
694 3262 732 3305 ae
757 3239 894 3306 dominis
911 3242 1098 3329 praeposito
1114 3240 1238 3309 decano
1254 3253 1287 3309 et
1302 3245 1443 3333 capituto

128 3338 273 3427 ejusdem
300 3336 465 3405 eeclesiae
491 3344 643 3423 percepta
669 3357 708 3401 ac
733 3338 826 3400 etiarn
844 3338 982 3420 gratuite
1009 3356 1067 3423 pro
1093 3357 1153 3402 suo
1179 3357 1279 3424 posse
1304 3359 1442 3405 recom-

128 3432 294 3523 pensanda
321 3432 445 3500 eisdem
471 3430 610 3497 dominis
629 3428 814 3518 ..capitulo
840 3433 941 3518 ipsius
967 3430 1131 3496 ecclesiae
1156 3429 1443 3520 herbipolen-

127 3530 187 3595 ,εἰει
215 3528 357 3609 tingitina
392 3535 425 3593 et
458 3525 602 3613 perfecta
623 3524 798 3591 donatione
818 3526 901 3589 inter
926 3526 1024 3590 vivos
1050 3525 1311 3593 irrevocabiliter
1326 3540 1443 3617 sponte

126 3632 221 3713 utque
236 3646 315 3711 pure
341 3620 378 3687 ad
395 3641 487 3687 rreum
514 3618 728 3707 subscriptum
744 3617 841 3684 donat
854 3617 993 3685 odicium
1007 3617 1160 3701 celariee,
1186 3620 1270 3708 quod
1285 3620 1441 3689 hactenus

126 3716 233 3783 hebuit
259 3730 291 3783 et
316 3719 416 3783 tenuit
441 3739 458 3783 a
485 3717 709 3803 praepositura
742 3711 905 3779 ecciesiae
931 3716 992 3778 iant
1030 3712 1154 3793 dictae,
1192 3715 1311 3781 volens
1336 3719 1440 3805 ipsum

126 3812 265 3879 odicium
292 3833 370 3879 ease
397 3814 539 3899 ipserum
567 3808 768 3876 dominorum
794 3807 891 3872 etad
917 3828 976 3872 eos
990 3810 1154 3895 pertinere
1168 3813 1254 3876 omni
1276 3813 1351 3896 jure
1376 3834 1439 3899 qno

126 3906 165 3973 ott
191 3930 228 3973 aaa
266 3904 466 3995 pertinebat,
503 3903 670 3972 usufructu
708 3912 813 3967 tamen
847 3901 992 3987 ejusdem
1029 3901 1125 3968 oflicii
1159 3913 1191 3969 et
1225 3907 1353 3992 inipso
1380 3928 1440 3993 pro

126 4024 183 4069 artu
210 4024 352 4091 pornmn
379 4000 416 4067 ad
438 4009 583 4087 tempora
610 3994 874 4064 vitaedruntnxat
889 4005 1074 4077 reservato,
1099 3997 1216 4063 volens
1231 4008 1338 4064 tamen
1355 4000 1439 4087 quod

126 4108 197 4188 pout
227 4118 315 4163 annin
343 4105 477 4162 inertem
505 4094 600 4161 iidem
627 4090 746 4157 domini
764 4140 771 4155 .
787 4140 794 4153 .
810 4090 980 4177 capitulum
1007 4093 1108 4179 ipsunt
1134 4092 1272 4158 odicium
1299 4094 1441 4161 vendunt

125 4213 164 4257 ne
191 4214 248 4281 pro
275 4193 379 4280 prrotio
408 4192 507 4279 ipsius
541 4187 737 4254 venditionis
764 4195 871 4250 emant
896 4206 953 4250 seu
980 4196 1167 4272 comparent
1199 4187 1352 4253 celarium
1380 4212 1438 4277 pro
1525 4185 1528 4189 ’

126 4306 236 4353 uonuu
257 4290 332 4352 vino
348 4283 555 4375 praebendali
583 4286 612 4349 in
640 4279 754 4347 eodem
769 4278 957 4367 reponendo
974 4289 1130 4368 perpetuo
1147 4291 1179 4345 et
1197 4283 1436 4351 conservando.
