3158 4732
133 504 199 572 172
685 495 893 567 llonumenta

131 701 170 791 an
188 678 269 841 ddem
294 676 432 744 nebeten
458 672 658 763 donrestage
683 673 766 742 nach
791 683 864 743 sant
888 672 1031 743 lacohes
1055 681 1132 762 tage
1157 670 1216 741 der
1241 671 1282 743 da
1297 671 1445 763 gerrellet

131 797 162 842 m
210 796 241 841 re
266 792 357 840 eren.

330 936 418 1004 sigilla
439 933 529 1003 viginti
550 949 597 987 aex
618 935 703 989 fasciis
724 936 922 990 membranaceis
948 952 981 992 ax
1001 937 1052 990 hoo
1071 933 1225 989 documento
1245 947 1371 1002 suspensa
1393 932 1446 984 lere

329 1019 414 1072 omnia
435 1018 535 1085 integra
556 1022 625 1072 sunt.

757 1243 825 1314 LX.

497 1408 587 1483 1345,
610 1405 657 1466 die
678 1405 718 1471 29
739 1424 851 1467 necnon
873 1405 919 1467 dle
941 1408 989 1471 30.
1008 1406 1082 1486 julli.

131 1556 282 1624 Ecclesia
307 1553 546 1643 herbipolensis
578 1553 797 1644 parochialem
828 1558 861 1622 in
890 1555 1070 1624 Herlalstal
1106 1562 1140 1623 et
1176 1551 1285 1642 oppidi
1310 1552 1447 1641 llhngs-

130 1650 229 1718 holen
265 1655 305 1717 im
340 1648 514 1738 Graplelde
551 1649 726 1717 eeclesiam
762 1652 961 1717 monasterio
998 1648 1213 1740 hylidhusano
1247 1648 1447 1736 incorporat,

181 1745 266 1835 quod
293 1767 330 1813 se
355 1744 482 1814 Ottonis
509 1747 654 1834 episcopi
680 1745 937 1813 anniversarium
967 1742 1203 1812 celebraturum
1216 1739 1400 1833 pollicetur.

228 1921 267 1987 ln
294 1920 345 1987 dei
370 1922 500 1987 nomine
526 1940 631 1986 amen.

226 2014 295 2083 Nos
320 2015 421 2083 irater
445 2013 657 2083 Fridricus
689 2012 792 2081 dictus
819 2012 917 2082 abhas
943 2023 1095 2104 totusque
1112 2020 1302 2081 conuentus
1327 2032 1447 2081 mona-

132 2114 223 2197 sterij
256 2115 286 2177 in
325 2109 576 2200 Bylidhusen
615 2107 737 2176 ordinis
779 2111 1015 2199 cysterciensis
1049 2108 1204 2198 dyocesis
1236 2106 1447 2197 herbipo-

133 2205 275 2273 lensis
302 2215 418 2272 tenore
444 2206 649 2292 presencium
676 2203 922 2292 perceptoribus
948 2205 1218 2292 recognoscimus
1251 2211 1285 2269 et
1316 2202 1446 2292 patela-

134 2304 235 2366 cimus
261 2301 437 2381 uniuersis,
463 2297 560 2386 quod,
593 2318 664 2366 cum
692 2300 723 2363 in
748 2296 864 2384 ollieijs
890 2298 1036 2367 karitatis
1062 2296 1129 2365 illis
1156 2297 1271 2364 merito
1299 2299 1447 2386 primitus

134 2394 270 2462 obnoxii
297 2402 464 2460 teneamur
489 2415 507 2458 a
533 2389 646 2481 quibus
680 2390 870 2459 beneficium
905 2415 966 2462 nos
1001 2394 1232 2481 cognoscimus
1264 2393 1448 2481 recepisse,

135 2498 167 2556 et
199 2491 270 2577 quia
306 2486 505 2554 reuerendus
543 2489 573 2552 in
600 2485 730 2554 Christo
766 2496 856 2576 pater
889 2499 922 2556 et
956 2499 1070 2556 noster
1101 2486 1249 2555 dominus
1275 2489 1447 2573 graciosus

135 2582 283 2650 dominus
300 2582 394 2649 Otto
421 2584 594 2670 episcopus
621 2579 947 2669 herbipolensis
974 2582 1200 2650 cumconsilio
1225 2601 1392 2651 consensu
1418 2588 1450 2646 ct

135 2678 383 2746 collaudacione
414 2675 650 2744 honorabilium
683 2676 886 2744 dominorum
919 2676 1085 2747 Alberti
1117 2676 1158 2744 de
1191 2672 1451 2743 lloheuloch

136 2777 310 2863 prepositi,
345 2771 590 2840 Eberhardi
628 2770 669 2838 de
707 2772 907 2862 Rpedern
946 2773 1078 2855 decani,
1116 2774 1286 2859 tociusque
1317 2767 1448 2859 capituli

136 2869 278 2935 ecclesie
305 2888 364 2935 sue
389 2865 717 2956 herbipolensis
750 2867 926 2938 ecclesiam
953 2866 1188 2957 parrochialem
1213 2869 1245 2932 in
1271 2863 1376 2932 Harl
1386 2862 1449 2932 el-

137 2973 220 3031 stat
247 2973 278 3029 et
303 2962 410 3050 oppidi
446 2961 723 3049 llhngsbolen
761 2962 846 3030 dicte
878 2963 1038 3046 diocesis,
1072 2965 1162 3029 cuius
1203 2964 1448 3051 juspatronatus

137 3057 174 3123 ad
201 3079 261 3124 nos
296 3065 328 3123 et
353 3059 581 3124 monasterium
608 3069 752 3124 nostrum
780 3057 955 3146 predictum
981 3057 1159 3125 dinoscitur
1184 3058 1341 3123 canonice
1366 3074 1448 3145 per-

138 3154 253 3235 tinere,
278 3172 393 3218 mense
418 3162 563 3220 nostrum
591 3204 598 3217 .
626 3203 633 3218 .
662 3151 784 3219 abbatis
817 3163 850 3219 et
884 3164 1063 3220 conuentus
1095 3155 1224 3242 jpsique
1248 3152 1449 3217 monasterio

137 3257 251 3314 nostro
278 3249 435 3312 canonice
465 3250 727 3336 Jncorporauerit
761 3252 932 3314 annexerit
963 3258 996 3315 et
1021 3251 1162 3316 vniuerlt
1194 3267 1252 3335 per
1285 3248 1392 3313 omnia
1417 3246 1450 3311 in

138 3339 219 3408 hanc
242 3341 377 3409 formam
404 3341 596 3409 verborum:

431 3437 471 3503 ln
497 3439 625 3505 nomine
650 3434 768 3524 dominj
795 3457 899 3504 amen.

433 3530 524 3598 Otto
557 3531 609 3599 dei
640 3534 750 3619 gracia
776 3535 950 3622 episcopus
975 3530 1304 3621 herbipolensis
1337 3528 1375 3595 ad
1401 3531 1449 3596 rei

338 3629 526 3693 memoriam
553 3630 791 3716 sempiternam.

432 3722 609 3804 Quoniam,
647 3730 681 3787 vt
716 3724 800 3788 sacri
836 3741 980 3788 canones
1015 3730 1111 3809 atque
1148 3720 1243 3807 loges
1280 3727 1450 3801 testantur,

339 3812 424 3881 bone
456 3819 502 3882 rei
538 3813 616 3881 dare
650 3819 861 3903 patrocinium
900 3837 958 3882 seu
998 3812 1179 3882 consultum
1219 3815 1450 3902 omnipotentis

339 3913 449 3996 gracia
475 3913 653 3998 inspirante
677 3908 793 3976 nedum
819 3912 982 4000 presentis
1008 3913 1075 3977 vite
1102 3904 1277 3976 subsidium
1302 3913 1450 3998 optinere
