3150 5166
523 870 732 959 episcopatus
756 867 1039 956 wirciburgensis.

752 1341 830 1411 ccl.

596 1549 690 1621 1351,
712 1545 759 1605 dle
781 1550 829 1610 31.
851 1552 974 1626 augusti.

128 1722 285 1790 Albertus
311 1724 485 1811 episeopus
512 1731 545 1788 et
570 1725 717 1791 cononici
743 1722 868 1810 quidam
896 1723 1061 1792 ecelesiae
1093 1723 1334 1812 herbipolensis
1360 1742 1443 1811 pro-

128 1815 269 1899 htentur,
294 1817 416 1883 clerum
444 1826 477 1884 et
501 1838 662 1904 personas
688 1819 877 1886 saeculares
903 1819 1067 1885 dioecesis
1092 1816 1333 1905 herbipolensis
1359 1836 1443 1905 pro-

130 1922 299 1979 curatores
333 1911 522 2001 impetrandi
558 1915 785 1979 remissionem
820 1934 996 1999 poenarum
1032 1909 1244 2001 processibus
1277 1911 1443 1999 papalibus

131 2015 195 2073 tom
222 2010 254 2074 io
278 2005 436 2074 Ludoviei
461 2004 618 2095 quondam
646 2008 850 2094 imperatoris
878 2007 1022 2073 saniores
1048 2026 1141 2094 quam
1167 2008 1345 2073 occasione
1361 2027 1442 2095 pro-

130 2103 270 2169 visionis
297 2103 505 2190 episcopatus
530 2098 771 2189 herbipolensis
797 2102 890 2169 lactis
916 2100 1189 2191 promulgaturum
1222 2104 1442 2168 constituisse.

224 2288 259 2356 ln
285 2288 336 2355 dei
362 2291 493 2355 nomino
518 2310 623 2356 omen.

224 2382 433 2450 Alhortus
471 2383 577 2450 diuina
615 2393 647 2449 et
680 2394 793 2450 sancte
827 2383 916 2451 sedis
951 2383 1134 2473 apostolice
1170 2384 1378 2472 prouidencia
1411 2387 1443 2452 in

131 2481 318 2568 episcopum
345 2475 708 2564 herbipolensem
737 2477 913 2564 proiectus,
939 2489 971 2545 et
998 2477 1146 2545 olhcialis
1173 2482 1262 2546 curio
1295 2478 1444 2546 herbi-

131 2574 353 2661 polensis,
392 2569 698 2637 Wollrommus
724 2571 944 2639 Pincerna
983 2572 1327 2661 dellosseberg,
1364 2572 1444 2640 Al-

129 2665 283 2752 hertus
310 2665 350 2731 de
375 2664 646 2751 Hesseburg,
683 2663 924 2755 Luppoldas
959 2666 998 2734 de
1030 2666 1308 2754 Bebenburg,
1343 2665 1444 2732 Got-

129 2758 553 2850 lriduschydeche,
579 2758 1026 2830 JohannesPincerna
1050 2760 1287 2852 deErpnch,
1310 2758 1445 2826 Eber-

130 2854 291 2923 hordus
318 2854 357 2920 de
382 2853 641 2939 llirczhorn,
678 2854 905 2925 lohannes
942 2857 983 2925 dc
1017 2854 1266 2937 Grunbach,
1303 2853 1445 2920 Theo-

131 2951 308 3019 doricus
335 2951 375 3016 de
399 2949 622 3038 lllaspach,
657 2959 689 3017 et
714 2950 950 3020 Heinricus
976 2952 1016 3019 de
1041 2952 1288 3040 Repnstein
1321 2952 1445 3034 senior,

131 3048 279 3113 canonici
316 3046 348 3111 in
382 3044 523 3110 ecclesio
562 3042 895 3133 herbipolensi,
933 3045 1175 3134 archidyaconi,
1212 3053 1326 3109 tenore
1363 3065 1445 3132 pre-

131 3143 275 3207 sencium
291 3188 320 3205 ..
338 3137 580 3227 perceptoribus
597 3138 807 3226 patelacinms
819 3143 997 3222 uniuersis,
1022 3139 1106 3228 quod
1121 3139 1228 3205 dilecti
1245 3140 1275 3202 in
1290 3135 1398 3205 Cristo
1413 3189 1421 3204 .
1437 3191 1443 3205 .

131 3231 1445 3323 abbates..abbatisse..priores..priorisse..magistre..preposlti..decani

132 3326 1443 3417 aliique..prelati..canonicl..rnonnchi..plebani..viceplebanieorumquc..

131 3420 1445 3514 sociisocerdotes..vicarij..cappellanialieque..personeecclesiastieereli-

131 3516 1443 3607 gioseetsecularcsvtriusquesexasexempteelnonexempte,jpsarnnrque..

131 3612 268 3701 capitula
287 3663 294 3678 .
313 3611 476 3699 .collegia
491 3619 524 3677 et
539 3661 568 3676 ..
588 3620 768 3678 conuentus
787 3612 908 3681 ordinis
926 3614 1142 3703 professionis
1163 3610 1325 3699 dignitatis
1343 3633 1445 3701 pree-

132 3710 292 3774 minencie
318 3716 420 3772 status
447 3728 504 3772 seu
532 3705 733 3773 condicionis
759 3710 977 3797 cuiuscunque
1003 3709 1197 3790 existentes,
1223 3728 1261 3772 ac
1287 3706 1395 3774 cleros
1413 3712 1446 3770 et

132 3801 257 3883 clerici,
296 3801 434 3889 populus
468 3820 596 3887 quoque
628 3822 667 3867 ac
698 3802 796 3892 loyce
826 3824 929 3870 sexus
964 3805 1132 3890 utriusque
1165 3822 1307 3890 persone
1332 3808 1446 3866 nostre

133 3895 288 3983 dyocesis
326 3893 660 3981 herbipolensis,
697 3901 868 3988 presertim
896 3900 948 3985 qui
974 3906 1007 3962 et
1041 3917 1102 3985 que
1132 3895 1352 3963 absolucionis
1384 3912 1445 3957 re-

131 3991 297 4056 missionis
321 3987 540 4054 relaxaeionis
567 3998 600 4056 el
626 3989 883 4079 dispensacionis
910 3989 1076 4077 henehcljs
1103 3990 1276 4080 dequibus
1303 3989 1447 4075 sequitur

132 4106 190 4172 pro
214 4104 251 4149 se
276 4084 409 4169 suisque
434 4082 585 4171 ecclesijs
619 4093 714 4173 atque
740 4085 822 4151 locis
849 4083 996 4172 indigere
1023 4096 1209 4170 censentur,
1234 4080 1368 4172 prouido
1393 4083 1445 4148 sl-

132 4178 257 4266 quidem
306 4175 528 4260 attendentes,
577 4180 663 4265 quod
702 4182 730 4247 si
766 4180 970 4268 inlrascripta
1007 4181 1081 4248 lieri
1116 4203 1154 4246 ae
1193 4177 1374 4268 procedere
1406 4176 1445 4242 ad

132 4272 279 4340 ellectum
306 4274 489 4339 necessitas
515 4293 580 4339 non
607 4282 752 4361 vrgoret,
777 4273 1003 4344 nichilominus
1030 4287 1135 4342 temen
1159 4271 1444 4360 superhabundans

156 4380 552 4425 *wammam
1202 4368 1247 4434 ω
