3150 5166
135 825 205 891 218
675 822 882 891 bionumcntc

137 1010 355 1100 spiritualibus
396 1033 487 1101 quarn
521 1008 753 1101 temporalibus
786 1010 1039 1103 quibuscumque
1069 1006 1213 1093 debebit,
1254 1030 1321 1079 nec
1351 1010 1449 1081 cuiun

136 1109 250 1195 aliquis
291 1128 348 1173 scu
388 1107 485 1194 aliqui
510 1104 607 1173 alium
632 1104 685 1173 uel
711 1107 795 1176 alios
814 1108 1017 1177 conmuniter
1039 1102 1096 1173 uel
1123 1102 1254 1173 dinisirn
1276 1106 1451 1175 occasione

136 1200 211 1267 dicti
243 1203 372 1287 negocij
408 1201 460 1267 uel
493 1203 563 1266 cius
597 1198 733 1288 sequcic
765 1205 910 1291 priuatos
934 1200 1108 1269 destitutos
1145 1218 1207 1267 scu
1232 1198 1452 1267 miscuimus

137 1295 411 1383 qualitercumque
437 1315 496 1383 pro
521 1296 655 1384 priuatis
668 1292 829 1363 destitutis
847 1294 1056 1364 inhabilitatis
1073 1290 1196 1361 bobane
1219 1292 1277 1363 uel
1303 1302 1452 1385 reputare

137 1388 275 1456 debebit.
326 1388 419 1470 Quod
445 1392 472 1456 si
498 1410 594 1456 secus
619 1388 737 1457 lactum
760 1389 859 1458 luerit
884 1410 944 1481 pet·
969 1440 977 1457 .
1001 1440 1011 1457 .
1036 1388 1184 1479 prelatos
1228 1438 1273 1457 ..
1315 1384 1452 1479 capitula

139 1536 147 1551 .
175 1536 183 1551 .
211 1493 390 1551 conuentus
416 1482 469 1551 uel
495 1484 680 1570 singulares
704 1482 914 1553 beneficiatas
939 1502 1100 1576 personas
1126 1481 1168 1551 dc
1192 1480 1313 1572 quibus
1337 1480 1451 1574 predi-

136 1582 217 1645 citur
248 1582 278 1645 in
319 1581 515 1667 rcccpcicne
547 1580 750 1646 execucicne
773 1582 940 1668 paricionc
964 1596 1176 1669 processuu!
1208 1576 1392 1647 eorundem
1416 1594 1454 1643 ac

136 1676 167 1740 in
190 1694 254 1740 nun
281 1671 466 1738 adherendo
492 1670 768 1761 appellacionibus
792 1670 1058 1764 opposicicnibus
1088 1680 1123 1741 et
1147 1668 1399 1741 defensionibus
1421 1678 1454 1737 nt

138 1770 329 1857 promittitur
356 1769 555 1856 interpositis
581 1766 634 1833 uel
660 1767 918 1857 interponendis
941 1767 995 1835 uel
1009 1764 1051 1834 ab
1065 1764 1247 1835 adbesicne
1270 1764 1452 1853 huiuamodi

136 1863 336 1927 recesserint
377 1860 429 1927 uel
462 1859 644 1927 destiterint
674 1861 912 1949 quoquomodo,
937 1860 992 1929 uel
1019 1860 1102 1929 alies
1124 1862 1159 1927 in
1188 1862 1365 1951 premissis
1400 1858 1454 1927 ucl

142 1954 335 2044 subscriptis
369 1954 421 2020 uel
449 1954 557 2041 aliquo
590 1954 781 2039 eorundem,
819 1967 939 2024 extunc
970 1954 1066 2043 ijdem
1096 1952 1280 2043 buiusmodj
1315 1952 1455 2023 maudut

140 2052 244 2115 nostri
273 2060 539 2134 transgressores
576 2072 594 2116 a
625 2053 843 2139 percepcicnc
867 2050 1026 2117 fructuum
1050 2048 1286 2140 prebendarum
1324 2068 1455 2119 suarum

136 2164 264 2210 necnon
303 2162 575 2231 quorumcumque
613 2140 842 2211 benebciorum
869 2164 1002 2211 sucrum
1027 2164 1090 2233 quc
1115 2142 1234 2212 babent
1257 2152 1293 2211 ct
1307 2146 1456 2235 optinent

137 2240 167 2302 in
209 2235 361 2325 predictis
397 2239 527 2303 ciuitate
559 2248 591 2303 et.
616 2236 753 2326 dyocesi
777 2247 914 2305 noscant
938 2235 1146 2328 presentibus
1178 2258 1218 2308 sc
1250 2258 1453 2331 suspensos:

138 2330 191 2415 aiij
218 2351 301 2396 vcro
328 2351 393 2397 non
418 2328 600 2398 beneficiati
624 2350 683 2419 per
707 2352 769 2399 nos
795 2340 1002 2400 scuncstros
1026 2335 1059 2399 in
1083 2330 1145 2399 bac
1167 2341 1261 2423 parte
1287 2383 1296 2401 .
1324 2386 1333 2401 .
1369 2353 1456 2402 cco·

135 2427 305 2490 missorius
332 2423 371 2490 ad
398 2424 567 2490 consilium
602 2435 634 2491 et
660 2429 910 2513 requisicicnem
936 2424 1163 2493 arbitraturum
1196 2423 1454 2517 subscriptorum

138 2521 250 2604 vtique
278 2523 455 2606 puniantur.
505 2517 547 2584 Et
571 2569 602 2584 ..
629 2517 762 2586 abbates
779 2542 837 2587 seu
865 2573 896 2586 ..
922 2525 1050 2609 priores
1065 2522 1341 2588 monasteriorum
1368 2542 1453 2589 nec-

139 2633 227 2678 ncn.
250 2663 256 2677 .
277 2610 390 2677 decani
418 2612 629 2679 ecclesiarum
657 2634 783 2680 necnon
809 2613 955 2681 locorum
976 2615 1245 2683 ..archidiaconi
1270 2637 1315 2683 ex
1339 2626 1454 2684 nostro

134 2706 269 2794 speciali
296 2709 344 2771 eis
371 2705 409 2770 ud
444 2728 580 2794 presens
606 2707 692 2772 lacto
717 2706 865 2774 mandato
901 2708 960 2775 sub
997 2729 1078 2796 pena
1104 2712 1264 2799 premissa
1309 2732 1454 2801 suspeu-

133 2804 267 2867 siouem·
284 2798 515 2887 prebendarum
534 2812 566 2866 ct
591 2800 819 2868 beneficiorum
837 2803 1017 2889 huiusmodj
1033 2802 1155 2892 absque
1173 2825 1265 2871 more
1281 2804 1453 2895 dispendio

138 2903 349 2980 exequantur.
375 2894 652 2961 Etnichilominus
678 2899 709 2961 in
736 2907 884 2962 euentum
903 2897 1129 2965 inobediencie
1155 2897 1314 2966 dictorum
1341 2910 1456 2967 trans-

133 3010 324 3076 gressorum
348 2988 527 3074 buiusmcdj
543 2994 645 3056 nostri
667 2990 805 3057 mandati
831 2994 861 3058 iu
888 3001 955 3058 toto
981 2991 1035 3058 uel
1060 2995 1092 3058 in
1112 3003 1203 3081 parte
1229 2993 1270 3058 de
1287 3015 1454 3062 consensu

138 3136 145 3149 .
173 3136 181 3151 .
210 3083 338 3171 capitulj
364 3105 422 3149 seu
449 3094 630 3150 conuentus
658 3083 800 3150 eiusdem
828 3090 1086 3171 transgressoris
1111 3085 1165 3153 uel
1191 3091 1327 3155 maioris
1353 3092 1455 3177 partis

132 3179 275 3245 eiusdem
303 3198 459 3245 successu
490 3181 644 3266 temporis
671 3178 709 3242 ad
736 3182 954 3265 priuacionem
995 3180 1182 3267 dignitatum
1217 3194 1453 3269 personatuum

130 3274 308 3341 ciliciorum
326 3283 358 3338 et
369 3272 823 3359 bcuclrciorumquorumlibet
838 3295 900 3360 que
911 3277 941 3340 iu
956 3274 1108 3361 predictis
1121 3277 1252 3344 ciuitate
1270 3277 1452 3366 etdpoccsi

130 3371 276 3458 optinent
297 3366 430 3433 firmiter
455 3365 681 3457 procedemus,
709 3370 796 3452 ipsus
823 3367 861 3431 ad
887 3368 999 3432 eadem
1027 3368 1078 3433 uel
1105 3367 1222 3435 similia
1248 3373 1452 3459 inposterum

128 3463 311 3530 nullatcnus
337 3462 520 3541 admissuri
540 3465 575 3547 jn
602 3460 675 3545 ulijs
702 3470 806 3525 tanuen
834 3461 1046 3548 predictarum
1077 3462 1293 3528 ecclesiarum
1320 3469 1452 3533 statutis

128 3558 242 3625 formis
269 3555 530 3623 ordinacionibus
556 3566 588 3620 ct
605 3552 889 3621 consuetudinibus
915 3553 1015 3620 saluis
1046 3553 1235 3621 debentibus
1263 3578 1450 3626 remanere.

221 3650 377 3718 Preterea
403 3651 553 3717 uolumus
580 3651 746 3715 statuimus
781 3646 877 3713 etde
917 3651 1057 3714 unanimi
1094 3648 1262 3716 voluntate
1296 3662 1330 3717 et
1361 3675 1449 3720 ccu-

134 3768 233 3816 sensu
265 3749 405 3812 omnium
441 3744 657 3834 predictorum
691 3739 888 3823 ordinamus,
920 3739 1004 3827 quod
1038 3763 1151 3807 omnes
1187 3753 1220 3807 et
1253 3747 1377 3833 singuli
1404 3798 1412 3812 .
1441 3798 1448 3813 .

132 3842 246 3931 prelati
275 3891 281 3904 .
302 3891 308 3903 .
335 3842 482 3906 canonici
496 3860 535 3904 ac
561 3890 595 3903 ..
623 3836 771 3923 religiosi
789 3834 1001 3901 ecclesiarum
1022 3845 1055 3899 ct
1074 3839 1348 3905 monrastcriorum
1364 3862 1449 3928 pre-

129 3941 284 4002 dictorum
305 3938 357 4022 qui
376 3944 546 4022 presentes
572 3942 604 3998 et
620 3930 758 4020 puberes
776 3930 894 3994 l'ucrint
918 3936 950 3993 et
966 3948 1102 4014 presens
1127 3939 1272 3995 nostrum
1292 3942 1448 4000 statutum

133 4032 275 4098 nondum
306 4032 488 4115 juraucrint
519 4026 601 4093 inlra
633 4035 708 4091 octo
743 4022 812 4088 dies
846 4044 863 4086 a
900 4031 1047 4107 tempore
1081 4025 1309 4107 requisicicnis
1336 4030 1448 4095 iurare

127 4135 296 4191 teneantur
322 4122 466 4211 qualibet
491 4124 562 4188 sine
588 4118 723 4186 lraude:
750 4116 891 4202 alioquin
933 4118 1003 4202 ipso
1029 4114 1113 4179 tacto
1140 4136 1157 4178 a
1184 4116 1359 4202 prebendis
1386 4143 1447 4189 seu

126 4223 193 4288 suis
220 4217 385 4303 benebcijs
412 4219 476 4281 sint
500 4225 533 4281 et
550 4215 665 4282 tamdiu
683 4214 833 4300 suspensi
860 4217 1047 4274 remaneant
1067 4229 1233 4294 quousque
1259 4210 1445 4303 huiusmodj
