3158 4732
130 521 173 589 ll
666 516 873 589 Monumenta

130 731 190 781 seu
217 761 225 775 .
253 760 260 775 .
286 704 390 775 abbati
416 717 449 776 et
485 759 493 777 .
531 757 539 774 .
581 710 754 777 concentui
791 707 887 776 simul
935 747 980 757 ·-
1017 706 1168 777 donatum
1199 708 1342 799 legatum
1381 727 1441 776 seu

131 806 278 874 relictum
313 800 429 887 luerit,
461 800 525 870 boc
549 822 607 891 pro
634 803 806 871 medietate
840 801 973 871 abbacie
1008 813 1042 871 et
1075 824 1134 892 pro
1170 803 1232 873 alia
1268 802 1443 871 medietate

131 899 305 968 concentui
331 895 450 965 cedere
475 905 631 964 teneatur.
682 897 838 987 Quicquid
869 918 953 965 vero
988 896 1092 965 abbati
1129 919 1187 967 seu
1220 896 1354 966 abbacie
1389 896 1446 964 uel

132 993 306 1063 conuentui
333 991 519 1081 specialiter
545 999 577 1058 at
602 990 728 1060 diuisim
753 991 903 1060 ornatum
929 992 1027 1060 luerit
1051 1013 1109 1062 seu
1135 992 1292 1081 legatum,
1318 993 1368 1060 sic
1391 993 1441 1060 ais

132 1088 226 1159 cadat
251 1086 377 1155 diuisim
401 1094 497 1176 prout
521 1085 653 1153 cuilibet
677 1085 826 1156 donatum
852 1086 993 1175 legatum
1018 1086 1116 1155 iuerit
1141 1108 1200 1156 seu
1226 1085 1384 1155 relictum.

226 1183 365 1272 insuper
399 1183 486 1248 circa
520 1179 714 1249 electionem
753 1181 961 1250 duracionem
995 1190 1027 1248 et
1064 1182 1379 1251 administraciouam
1405 1231 1447 1256 .,

134 1277 296 1364 cellerarij
322 1274 493 1344 statuendo
517 1274 652 1363 procide
678 1274 875 1361 ordinamus,
900 1275 985 1366 quod
1000 1275 1059 1344 ille
1084 1278 1125 1344 sit
1147 1275 1339 1344 cellerarius
1365 1294 1446 1364 pre-

135 1371 189 1439 lati
216 1372 404 1457 monasteri]
431 1378 611 1438 conuentus
636 1373 689 1460 qui
714 1370 845 1460 eligitur
884 1392 944 1440 seu
969 1373 1175 1439 constituitur
1199 1368 1239 1438 ab
1264 1373 1335 1460 ipso
1361 1389 1447 1437 con-

135 1475 233 1533 uentu
258 1484 316 1533 seu
342 1466 412 1532 eius
440 1466 552 1532 maiori
577 1474 678 1554 parte.
729 1464 764 1534 Si
789 1486 872 1534 vero
890 1465 970 1534 duos
996 1465 1051 1532 uel
1075 1466 1186 1555 plures
1204 1516 1211 1531 .
1230 1465 1447 1534 .cellerarios

137 1558 177 1627 ab
203 1555 371 1649 equalibus
396 1557 450 1626 uel
476 1558 676 1648 inequalibus
703 1559 857 1650 partibus,
881 1561 925 1626 ita
941 1558 1026 1649 quod
1041 1569 1157 1627 neuter
1182 1558 1362 1628 electorum
1387 1579 1450 1627 sau

135 1657 372 1723 nominatorum
399 1655 554 1721 maiorem
580 1662 702 1743 partem
736 1658 841 1723 tocius
877 1663 1056 1726 conuentus
1090 1653 1255 1736 habuerit,
1292 1653 1371 1741 eligi
1396 1652 1450 1720 uel

137 1749 297 1817 nominari
323 1748 508 1834 contigerit,
533 1747 587 1814 uel
612 1751 713 1814 eciam
752 1752 779 1817 si
819 1750 915 1837 aliqui
947 1748 1065 1816 iratres
1102 1752 1133 1815 iu
1169 1747 1290 1815 nullum
1324 1745 1452 1815 vallant

138 1841 341 1913 concordare
366 1841 549 1930 eligendum
576 1843 835 1911 constituendum
871 1864 930 1910 seu
955 1841 1182 1910 nominandum
1207 1841 1288 1910 inira
1314 1850 1451 1930 quatuor

138 1939 221 2021 dies,
245 1934 401 2005 videlicet
425 1946 567 2025 quartam
593 1940 731 2026 quintam
765 1946 799 2006 at
824 1946 950 2005 sextam
976 1938 1077 2004 lenias
1102 1957 1140 2004 ac
1165 1934 1342 2018 sabbatum,
1366 1935 1451 2003 inira

140 2042 273 2102 octauas
298 2029 543 2120 penthecostes,
567 2051 648 2119 quos
674 2041 810 2121 mutuor
836 2032 905 2100 dies
932 2034 993 2121 ipsi
1018 2034 1191 2100 concentui
1229 2033 1261 2099 in
1299 2032 1451 2098 conmuni

139 2149 199 2220 pro
225 2127 362 2194 termino
387 2128 608 2214 peremptorio
634 2147 705 2192 cum
719 2126 947 2194 moderacione
962 2136 1069 2194 tamen
1084 2124 1267 2214 subscripta
1283 2127 1452 2192 statuimus

140 2226 171 2292 iu
198 2222 260 2309 bijs
286 2222 428 2310 scriptis,
453 2228 573 2288 extunc
587 2228 655 2288 tres
669 2219 788 2289 iratres
804 2219 998 2310 capitulares
1025 2239 1043 2286 a
1066 2228 1227 2287 conuentu
1248 2217 1303 2286 uel
1328 2220 1453 2286 maiora

141 2320 212 2385 eius
237 2325 329 2405 parte
354 2313 555 2404 deputentur,
580 2317 633 2403 qui
663 2353 710 2364 -
745 2317 831 2383 omni
864 2335 976 2383 eorum
1009 2312 1267 2382 contradictione
1300 2321 1454 2380 cessante

140 2451 187 2462 —
212 2430 289 2478 mox
314 2417 388 2498 post
413 2429 525 2477 eorum
551 2408 795 2498 deputacionem
810 2406 1201 2492 intrabuntinfirmuriam,
1226 2405 1331 2474 modis
1346 2415 1454 2474 tamen

142 2506 332 2594 subscriptis
357 2502 432 2571 inde
457 2507 623 2572 recessuri
647 2524 848 2594 nequaquam
874 2502 979 2571 donec
1004 2504 1035 2569 in
1071 2522 1170 2570 vuum
1194 2522 1238 2568 ex
1271 2499 1452 2591 huiusmodj

143 2599 258 2669 electis
283 2618 340 2665 seu
366 2599 540 2664 nominatis
566 2601 673 2664 autin
700 2598 796 2666 alium
820 2597 983 2690 ydoneum
1010 2595 1217 2664 concorditer
1252 2617 1311 2664 seu
1337 2597 1454 2664 saltam

143 2694 204 2763 duo
231 2715 273 2762 ex
298 2694 346 2760 eis
372 2689 642 2760 concordaucriut
664 2694 695 2760 in
711 2691 968 2765 constituendum
986 2691 1189 2761 cellerarium
1206 2701 1238 2759 et
1263 2689 1454 2759 babendum.

143 2790 204 2873 Qui
229 2799 297 2857 tres
322 2786 377 2854 uel
403 2788 517 2854 saltem
545 2786 607 2856 duo
633 2810 676 2856 ex
712 2791 760 2858 eis
787 2791 814 2857 si
840 2788 921 2855 inlra
947 2787 1028 2855 duos
1068 2785 1181 2853 diesa
1216 2795 1364 2873 tempore
1399 2786 1454 2852 iu-

143 2904 280 2972 gressus
308 2878 481 2949 infirmarie
506 2885 709 2970 nequiuerint
733 2893 767 2949 ut
783 2882 968 2970 predicitur,
994 2902 1052 2949 seu
1066 2879 1230 2947 noluerint
1244 2877 1457 2966 concordare,

145 2988 264 3046 extunc
288 2975 409 3064 absque
435 2978 520 3044 omni
547 2976 623 3044 dolo
650 2985 682 3044 et
706 2974 819 3043 fraude
856 2977 887 3041 iu
920 2975 994 3043 solo
1020 2995 1103 3064 pane
1129 2982 1160 3042 et
1186 2994 1267 3061 aqua
1293 2976 1456 3058 ieiunant3

144 3081 177 3141 et
201 3069 440 3152 nichilominus,
465 3074 492 3138 si
517 3073 549 3139 in
575 3068 754 3159 huiusmudj
781 3068 943 3138 discordia
968 3090 1026 3160 per
1051 3069 1132 3137 duos
1159 3067 1229 3136 dies
1254 3090 1456 3158 preseuera·

142 3168 260 3251 ueriut,
285 3183 387 3255 penas
413 3166 574 3251 grauioris
601 3165 694 3254 culpe
720 3186 798 3233 mox
824 3167 1004 3233 sustineant
1029 3183 1199 3254 quousque
1224 3165 1254 3230 in
1293 3163 1458 3232 electione

145 3280 204 3328 sau
229 3260 467 3329 constitucione
494 3257 656 3345 cellerarij
698 3258 879 3326 concordes
904 3258 1034 3344 luerint,
1071 3267 1105 3325 ut
1130 3257 1301 3346 prefertur,
1337 3260 1401 3325 nisi
1426 3260 1457 3325 in

144 3351 303 3422 iamdictis
334 3356 427 3442 penis
465 3361 497 3420 et
531 3373 639 3420 aarum
667 3353 809 3442 qualibet
839 3355 968 3420 notoria
1005 3351 1172 3442 infirmitas
1205 3373 1263 3420 sau
1297 3350 1459 3437 debilitas,

145 3448 343 3516 medicorum
361 3442 573 3513 discernenda
590 3446 721 3530 iudicio,
746 3451 836 3539 ipsos
862 3456 916 3515 aut
940 3449 1083 3537 ipsorum
1110 3446 1247 3536 aliquem
1273 3455 1457 3516 excluserat.

147 3541 184 3609 Si
234 3551 340 3610 autem
392 3561 451 3629 par
493 3538 609 3608 dictum
652 3553 845 3609 conuentum
891 3563 949 3610 seu
993 3546 1148 3609 maiorem
1193 3551 1316 3630 partem
1360 3542 1460 3629 ipsius

146 3645 325 3704 conuentus
363 3634 445 3703 infra
480 3634 561 3703 duos
597 3634 667 3703 dies
700 3636 873 3704 inmediate
911 3647 1086 3723 sequentes
1126 3634 1289 3723 predictos
1326 3642 1460 3723 quatuor

148 3728 219 3798 dias
244 3750 311 3797 nou
335 3729 558 3820 deputauerint
593 3740 660 3798 tres
686 3730 804 3799 iratres
827 3750 887 3822 pro
913 3728 1191 3813 concordacioce‚
1227 3740 1261 3797 ut
1286 3727 1459 3818 prefertur,

147 3834 268 3895 extunc
293 3874 301 3890 .
330 3874 337 3890 .
364 3826 538 3915 episcopus
571 3823 901 3915 herbipolensis
935 3843 994 3913 pro
1028 3833 1173 3913 tempore
1198 3827 1364 3907 existens,
1401 3846 1461 3892 seu

147 3922 240 3991 vices
265 3919 396 4010 capituli
421 3917 758 4011 herbipolensis
784 3918 865 3989 sede
884 3926 1024 3988 vacante
1048 3914 1314 4008 inspiritualibus
1339 3938 1461 4006 gerens
