3158 4732
162 522 231 592 462
703 521 911 591 Monumenta

165 731 209 777 ex
233 713 282 777 eis
316 713 491 800 percepisti
523 732 581 778 seu
617 713 848 799 premissorum
880 714 1056 778 occasione
1095 721 1292 780 contractam
1323 713 1471 803 predicta

163 807 354 873 auctoritaie
380 805 558 902 apostolica
584 804 727 872 totaliter
752 804 899 873 duximus
925 805 1126 873 abolendam.

258 900 394 967 Demum
422 921 501 968 uero
527 899 730 968 attendentes
755 899 840 990 quod
864 900 1006 968 ecclesia
1031 903 1100 991 ipsa
1132 898 1469 991 herbipolensis

162 1015 222 1084 per
246 993 497 1062 translacionem
534 994 649 1085 prefati
674 992 849 1062 Alberti
876 994 916 1062 de
948 994 1031 1062 dicta
1064 994 1370 1085 herbipolensi
1405 1019 1469 1065 ec-

163 1088 264 1155 clesia
290 1088 330 1156 ad
355 1089 509 1178 prefatam
536 1089 709 1156 ecclesiam
735 1089 1047 1177 frisingensem
1073 1092 1214 1180 pastoris
1245 1100 1316 1158 erat
1341 1091 1467 1160 solacio

162 1182 325 1267 destituta,
347 1204 409 1251 nos
435 1183 475 1251 ad
501 1186 719 1273 prouisionem
746 1186 846 1273 ipsius
872 1184 1016 1252 ecclesie
1041 1184 1184 1253 celerem
1210 1194 1243 1251 et
1266 1184 1411 1269 felicem,
1428 1186 1469 1254 de

161 1299 223 1367 qua
237 1277 345 1344 nullus
358 1288 560 1368 preterquam
573 1277 676 1345 dictus
688 1277 835 1346 dominus
849 1299 929 1367 papa
947 1276 1000 1345 uel
1014 1299 1074 1346 nos
1088 1281 1280 1347 auctoritate
1294 1282 1395 1369 ipsius
1407 1279 1468 1347 bac

162 1375 235 1440 uice
251 1393 289 1441 se
303 1375 518 1440 intromittere
534 1382 641 1462 potest
654 1394 712 1462 pro
726 1393 766 1440 eo
785 1373 869 1462 quod
883 1373 966 1440 idem
983 1372 1130 1442 dominus
1146 1394 1226 1463 pape
1243 1372 1294 1440 diu
1316 1384 1391 1442 ante
1404 1396 1469 1442 ua-

161 1470 327 1535 cacioaem
343 1466 523 1534 huiusmodi
539 1470 744 1556 prouisiones
761 1471 900 1535 omnium
924 1467 1136 1536 ecclesiarum
1158 1467 1386 1535 cathedralium
1402 1490 1469 1536 ex-

161 1571 305 1651 tuncper
315 1561 551 1631 translaciones
561 1581 699 1651 pereum
712 1564 841 1629 inantea
848 1562 1014 1630 faciendas
1027 1562 1066 1628 de
1075 1563 1207 1652 prelatis
1217 1583 1325 1630 earum
1335 1561 1471 1631 ubilibet

160 1659 346 1724 constitutis
380 1655 420 1723 ad
453 1656 533 1723 alias
559 1655 761 1723 cathedrales
787 1657 948 1724 ecclesias
973 1666 1048 1723 tunc
1072 1666 1225 1726 uacantes
1258 1665 1291 1724 et
1316 1659 1469 1748 inposte-

163 1771 233 1817 rum
258 1760 428 1819 uacaturas
455 1750 665 1839 disposicioni
691 1771 750 1817 sue
776 1750 864 1818 duxit
889 1751 1076 1841 specialiter
1100 1750 1328 1835 reseruandos,
1344 1750 1469 1819 decer·

160 1866 241 1912 ueus
268 1852 388 1911 extunc
412 1846 533 1911 irritum
566 1854 598 1911 et
624 1847 718 1912 inane
743 1847 771 1912 si
797 1866 893 1912 secus
920 1866 1018 1934 super
1042 1844 1104 1932 hijs
1139 1868 1157 1911 a
1189 1867 1347 1936 quoquam
1381 1866 1469 1914 con-

161 1943 303 2028 tingeret
339 1942 538 2028 attemptari,
575 1938 767 2026 diligencius
802 1938 1019 2022 intendentes,
1044 1943 1211 2029 cupientes
1244 1961 1372 2030 quoque
1404 1950 1468 2006 tam

162 2033 267 2102 eidem
291 2033 592 2124 herbipolensi
625 2033 767 2100 ecclesie
792 2054 884 2120 quam
917 2036 1011 2122 gregi
1037 2033 1197 2103 dominico
1231 2033 1376 2103 eiusdem
1409 2055 1470 2101 sa-

162 2128 296 2195 lubriter
322 2138 354 2194 et
379 2127 498 2195 utiliter
522 2127 713 2217 prouidere,
739 2127 864 2196 tandem
898 2126 1143 2197 considerantes
1169 2128 1336 2218 grandium
1361 2131 1469 2195 uirtu-

161 2232 225 2289 tum
252 2225 365 2289 merita
390 2221 503 2311 quibus
539 2242 710 2311 personam
743 2232 827 2288 tuam
854 2221 1030 2289 altissimus
1064 2227 1249 2310 insigniuit‚
1283 2221 1322 2289 de
1355 2221 1470 2312 quibus

160 2315 394 2406 fidedignorum
420 2318 608 2383 testimonio
641 2319 805 2382 extitimus
831 2315 976 2405 plenarie
1002 2325 1033 2383 et
1058 2316 1203 2406 legitime
1229 2315 1390 2385 informati
1399 2367 1409 2400 ,
1437 2328 1471 2385 et

161 2412 245 2502 quod
278 2411 402 2502 prefate
433 2408 748 2500 herbipolensi
778 2410 923 2478 ecclesie
957 2433 1094 2501 preesse
1128 2414 1251 2503 poteris
1282 2414 1403 2502 pariter
1436 2422 1469 2480 et

163 2507 335 2596 prodessea
363 2508 529 2594 ipsamque
553 2525 748 2595 preseruare
773 2527 791 2571 e
816 2508 925 2593 uoxijs
951 2515 984 2573 et
1008 2505 1155 2574 aduersis
1180 2528 1219 2572 ac
1242 2509 1274 2573 in
1300 2510 1368 2574 suis
1395 2528 1470 2573 ma-

161 2611 318 2669 nutenere
344 2599 464 2666 iuribus
485 2609 518 2665 et
542 2603 642 2664 eciam
669 2599 843 2689 adaugere,
860 2611 933 2689 post
953 2599 1225 2668 deliberacionem
1251 2622 1344 2690 quam
1371 2622 1470 2690 super

162 2697 225 2763 hoc
249 2693 415 2762 habuimus
443 2693 630 2781 diligentem
657 2703 688 2759 te
713 2733 757 2741 —
784 2714 877 2781 quem
910 2693 948 2760 ad
980 2693 1044 2760 boc
1074 2695 1236 2785 ydoneum
1269 2705 1470 2781 reputamus,

163 2791 260 2858 etde
286 2811 348 2878 quo
374 2788 468 2860 uobis
494 2787 672 2877 expediens
699 2787 894 2854 uidetur-
919 2792 1110 2857 auctoritate
1140 2790 1321 2880 apostolica
1347 2811 1468 2879 supra-

162 2885 244 2952 dicta
270 2905 330 2971 qua
356 2887 387 2948 in
422 2883 483 2949 hac
514 2891 605 2971 parte
638 2882 800 2969 fungimur
838 2882 940 2949 eidem
979 2884 1122 2951 ecclesie
1155 2883 1469 2973 herbipolensi

161 2990 275 3047 tenore
302 2980 505 3067 presencium
532 2980 563 3042 in
589 2980 774 3065 episcopum
802 2976 983 3065 preficimus
1017 2988 1049 3044 et
1073 2988 1258 3068 pastorem,
1291 2999 1398 3044 curam
1436 2988 1469 3046 et

162 3074 477 3140 administraciouem
505 3068 649 3137 ciusdem
675 3069 729 3136 tibi
763 3080 824 3136 tam
851 3075 882 3138 in
908 3073 1126 3160 spiritualibus
1152 3094 1244 3163 quam
1278 3076 1310 3139 in
1335 3082 1468 3162 tempo-

162 3166 281 3234 ralibus
317 3165 462 3254 plenarie
495 3162 734 3240 committendo„
765 3162 855 3230 firma
890 3187 948 3254 spe
980 3166 1158 3257 fiduciaque
1191 3169 1358 3255 conceptis
1384 3167 1469 3255 quod

161 3262 321 3349 dirigente
347 3258 476 3325 domino
504 3269 593 3325 actus
630 3269 703 3325 tuos
730 3258 853 3348 prefata
879 3259 1216 3350 herbipolensis
1242 3260 1384 3328 ecclesia
1410 3283 1469 3351 per

160 3367 213 3423 tue
239 3355 395 3422 industrie
426 3363 458 3419 et
480 3354 778 3440 circumspectionis
803 3353 1001 3423 fructuosum
1028 3356 1163 3424 studium
1190 3365 1324 3444 regetur
1348 3355 1470 3423 utiliter

161 3460 194 3518 et
219 3470 376 3539 prospere
402 3446 570 3533 dirigetur,
609 3456 766 3534 grateque
791 3449 822 3513 in
848 3449 970 3516 eisdem
996 3450 1214 3540 spiritualibus
1241 3459 1273 3517 et
1298 3460 1468 3541 tempora-

160 3546 245 3614 libus
271 3553 405 3610 auctore
430 3541 559 3607 domino
586 3544 740 3630 suscipiet
765 3544 972 3610 incrementa.

256 3639 416 3720 Quocirca
452 3635 644 3702 discrecioni
679 3646 732 3703 tue
766 3641 957 3705 auctoritate
983 3640 1164 3730 apostolica
1191 3640 1371 3729 supradicta
1407 3660 1470 3727 qua

161 3744 195 3801 ut
230 3732 405 3821 predicitur
429 3729 589 3816 fungimur
614 3734 645 3796 in
670 3730 730 3796 hac
756 3740 846 3818 parte
881 3739 1084 3821 presencium
1111 3745 1226 3801 tenore
1252 3736 1470 3802 conmittimus

162 3840 194 3897 et
219 3826 425 3907 mandamus,
462 3827 608 3911 quatinus
642 3824 680 3889 ad
713 3825 867 3912 prefatam
901 3826 1256 3917 herbipolensem
1292 3828 1469 3894 ecclesiam

160 3943 231 3992 cum
257 3922 368 4008 gracia
395 3917 502 3985 diuine
526 3916 762 3985 benedictionis
788 3919 949 3988 accedens
977 3935 1131 3991 euramet
1153 3925 1468 3991 administraciouem
