3150 5166
125 808 194 876 538
673 808 881 878 llonumenta

126 997 250 1063 cautela
276 1019 334 1087 pro
362 996 508 1086 augenda
532 996 638 1063 salute
653 1019 782 1066 suerum
802 1001 978 1066 animarum
995 994 1173 1079 suaderet,
1201 1018 1284 1064 cum
1303 995 1466 1064 bonarun

125 1097 282 1159 meucium
311 1097 352 1158 sit
375 1094 416 1158 ibi
438 1092 561 1181 culpam
586 1095 699 1158 timere
710 1093 765 1161 vbi
792 1093 885 1183 culpa
912 1095 1041 1159 minime
1066 1094 1246 1180 reperitur,
1280 1102 1467 1182 propterea

126 1186 283 1253 honestos
310 1197 342 1253 et
376 1188 537 1253 discretos
569 1189 659 1253 viros
696 1187 856 1255 dornioum
892 1185 1122 1255 Johanuem
1154 1184 1197 1251 de
1230 1185 1466 1254 Frankeu-

126 1281 228 1351 iurt.
274 1291 499 1348 succentorem
545 1280 690 1348 ecclesie
734 1280 1064 1370 bambergensis,
1110 1278 1374 1348 bertoldum
1428 1278 1467 1346 tle

127 1375 342 1465 Eycbucb.
360 1373 585 1464 presbyteros.
611 1373 841 1444 Conradum
866 1376 906 1443 cle
931 1370 1199 1457 batenheim,
1225 1373 1409 1442 Petrum
1427 1372 1466 1441 de

129 1469 340 1551 masbach,
384 1492 422 1535 ae
463 1469 692 1537 Heinricum
737 1470 777 1538 tle
820 1469 1046 1539 Sulczbach
1084 1465 1246 1558 publicum
1287 1469 1465 1560 Jmperiali

131 1568 322 1631 auctoritate
348 1568 518 1645 notarium,
551 1565 706 1647 clericos,
740 1586 819 1632 suos
851 1567 999 1633 lecerunt
1031 1575 1063 1630 et
1096 1567 1348 1631 constituerunt
1378 1585 1464 1652 pro-

128 1670 295 1725 curatores
320 1681 357 1725 ac
382 1662 519 1727 nuncios
545 1659 707 1748 speciales
733 1670 765 1728 et
788 1659 963 1749 quemlibet
987 1680 1100 1726 eorum
1125 1657 1309 1724 insolidum
1337 1658 1383 1727 ad
1408 1663 1463 1725 in-

127 1754 315 1841 petrandam
344 1753 512 1841 petendum
540 1753 745 1820 obtinendum
771 1765 804 1821 et
829 1754 1046 1843 recipiendum
1072 1752 1235 1819 humiliter
1262 1764 1373 1842 atque
1402 1757 1464 1820 rite

129 1846 308 1912 lruiusmodi
347 1851 613 1914 constituencium
639 1852 770 1916 nomiae
796 1859 829 1916 et
852 1870 912 1938 pro
938 1851 1017 1938 ipsis
1044 1849 1246 1914 conmuniter
1265 1868 1310 1912 ac
1327 1847 1463 1914 diuisim

129 1964 145 2005 a
187 1941 367 2008 reuerendo
400 1945 430 2006 in
471 1941 578 2008 Cristo
615 1953 706 2030 patre
745 1943 875 2010 domino
913 1941 1099 2010 Fridrioo
1138 1944 1301 2030 episcopo
1346 1941 1462 2008 bam·

127 2032 339 2120 bergensi„
374 2039 589 2102 conmissario
623 2036 750 2103 edicta
776 2037 856 2104 sede
889 2036 1070 2126 apostolica
1105 2035 1247 2124 desuper
1282 2035 1463 2127 deputato,

128 2128 316 2196 beneficium
344 2129 564 2196 absolucionis
598 2133 801 2198 remissionis
834 2141 866 2198 et
898 2130 1118 2198 relaxacionis
1151 2128 1190 2195 ab
1221 2135 1462 2198 exconmuni-

129 2227 272 2290 caeionis
299 2227 522 2312 suspensionis
544 2233 577 2289 et
586 2224 750 2310 jnterdicti
775 2226 913 2313 alijsque
937 2228 1116 2311 sentencijs
1140 2233 1236 2311 atque
1262 2227 1365 2312 penis
1394 2234 1462 2291 tam

130 2317 348 2405 spiritualibus
375 2339 467 2405 quam
495 2318 726 2406 temporalibus
753 2317 792 2386 ab
818 2319 947 2387 bomine
973 2318 1063 2386 velo
1083 2322 1157 2406 jure
1182 2317 1339 2407 prolatis,
1366 2341 1462 2388 con-

131 2415 228 2478 tentis
256 2411 379 2498 quidem
406 2417 436 2478 in
464 2412 674 2499 processibus
701 2425 814 2481 contra
839 2413 996 2502 quondam
1024 2413 1182 2480 dominum
1215 2411 1461 2480 Ludwicum

130 2505 170 2571 do
187 2506 278 2571 Baw
292 2510 379 2569 aria
406 2528 548 2594 suosque
566 2560 571 2571 .
592 2508 758 2573 ‚lautores
772 2532 788 2574 a
802 2509 883 2573 dieta
910 2510 988 2574 sede
1014 2507 1225 2595 promulgabis
1252 2507 1460 2591 iamdudum

131 2622 257 2665 necnon
285 2599 321 2663 ad
349 2600 561 2665 confitendum
589 2601 740 2687 specifice
766 2613 798 2666 et
824 2602 948 2667 diuisim
975 2624 1053 2668 suos
1072 2623 1232 2669 excessus
1249 2611 1280 2666 et
1297 2602 1459 2670 delectus

133 2698 161 2759 in
190 2698 369 2782 premissis
396 2705 426 2758 et
453 2694 490 2758 ad
512 2695 679 2779 jurandum
707 2699 808 2761 eciam
837 2701 866 2762 in
890 2700 1012 2762 animas
1029 2718 1104 2762 suas
1120 2694 1275 2760 articulos
1293 2699 1326 2760 in
1344 2697 1457 2764 literis

132 2790 322 2876 apostolicis
357 2788 513 2873 prelibato
548 2788 676 2855 domino
711 2794 868 2880 episcopo
907 2791 1209 2877 barrrbergensi
1246 2790 1384 2857 directis
1423 2798 1456 2859 in

132 2882 192 2947 hnc
219 2892 307 2968 parte
334 2892 505 2948 contentos
532 2882 842 2972 obseruauciamque
868 2908 992 2967 eorunm
1022 2890 1101 2970 jtem
1136 2884 1174 2948 ad
1207 2885 1383 2971 petendum
1423 2898 1458 2953 et

132 2974 349 3062 recipiendum
378 2986 409 3042 vt
437 2999 532 3065 supra
559 2977 719 3044 humiliter
746 2989 839 3066 atque
873 2986 933 3045 rite
965 2978 1143 3045 huiusmodi
1174 2981 1455 3047 constituencium

133 3074 264 3136 nomine
291 3081 322 3135 et
349 3092 405 3158 pro
433 3075 511 3159 ipsis
538 3076 741 3139 conmuniter
766 3096 804 3138 ac
829 3073 954 3139 diuisim
981 3072 1020 3138 ab
1051 3074 1165 3141 eodem
1204 3073 1337 3139 domino
1370 3081 1453 3164 epi-

134 3187 235 3253 scopo
262 3163 584 3251 bambergensi„
611 3172 825 3234 commissario
841 3173 942 3234 eciam
960 3167 1099 3257 desuper
1126 3171 1317 3234 auctoritate
1345 3173 1453 3257 ipsius

135 3261 223 3328 seclis
261 3260 442 3345 apostolice
480 3260 642 3348 deputato„
688 3261 876 3328 beneficium
913 3263 1132 3328 absolucionis
1168 3266 1376 3329 remissionis
1420 3276 1454 3331 et

135 3356 354 3420 relaxacionis
381 3376 397 3418 a
424 3359 648 3442 suspensionis
686 3361 1024 3423 exconnrunicacionis
1058 3366 1090 3421 et
1110 3356 1273 3442 J'nterdicti
1306 3357 1454 3446 alijsque

135 3451 311 3533 sentencijs
338 3458 431 3535 atque
458 3453 550 3530 penis
576 3450 794 3537 spiritualibus
827 3462 859 3516 et
892 3450 1123 3538 temporalibus
1156 3450 1194 3515 ab
1227 3450 1358 3517 bomine
1392 3455 1454 3520 vel

136 3567 152 3610 u
175 3548 248 3629 jure
275 3543 409 3629 prolatis
437 3542 476 3608 de
503 3542 614 3630 quibus
641 3556 671 3609 et
698 3556 730 3609 ut
756 3549 856 3610 eciam
884 3551 1065 3611 continetur
1093 3551 1121 3611 iu
1145 3545 1357 3634 processibus
1385 3559 1453 3613 tam

136 3637 314 3726 apostolica
340 3637 378 3703 ad
400 3640 592 3722 instanciam
619 3637 737 3704 domini
760 3637 920 3706 ailberti
947 3641 986 3706 de
1007 3640 1253 3728 Habenberg
1279 3651 1354 3706 iuno
1371 3647 1453 3730 qui-

135 3734 205 3800 dem
233 3730 271 3795 ab
297 3735 365 3819 ipsa
392 3732 471 3796 sede
497 3732 676 3820 apostolica
704 3738 733 3798 in
768 3738 954 3822 episcopum
988 3735 1331 3823 herbipolensem
1366 3759 1454 3824 pre-

135 3830 223 3906 lecti,
259 3826 374 3891 deinde
408 3848 490 3891 vero
528 3829 565 3892 ad
602 3828 775 3893 ecclesiam
809 3829 1115 3915 frisingensem
1157 3830 1312 3908 translati,
1353 3853 1454 3919 quam

137 3924 297 3990 ordinaria
325 3920 504 3987 huiusmodi
521 3923 638 3988 domini
655 3922 816 3989 Alborti
844 3934 878 3989 vt
903 3935 977 3990 tune
1002 3925 1322 4011 herbipolensis
1349 3927 1454 3994 electi

138 4025 326 4085 auctoritate
354 4018 366 4100 j
425 4019 565 4098 negocio
600 4018 777 4105 episcopali
805 4022 904 4105 ipsius
932 4020 1075 4084 ecclesie
1111 4016 1454 4104 herbipolensis

138 4134 194 4205 pro
222 4112 334 4176 euclem
374 4112 502 4176 ilomirio
538 4111 723 4177 ailberto
764 4112 802 4178 de
837 4112 1092 4198 llolienberg
1126 4122 1158 4176 ut
1195 4123 1267 4177 tunc
1299 4111 1453 4183 berbi-

138 4207 303 4304 polensi
339 4205 446 4271 electo
481 4216 593 4275 contra
629 4228 689 4273 nos
721 4207 939 4274 Albcrtum
972 4218 1046 4273 tunc
1071 4207 1195 4294 quidem
1223 4205 1363 4273 nondum
1393 4212 1456 4280 sed
