3158 4732
174 523 244 592 tos
724 518 932 588 hlonnmente

176 709 376 801 polensis
411 708 576 800 predicte,
609 706 787 777 verbaliter
818 718 849 776 et
883 707 1016 775 realiter
1051 710 1239 796 resignante
1270 716 1304 774 et
1329 727 1389 798 ppo
1417 716 1489 773 toto

176 826 278 895 posse
304 808 375 872 sine
399 804 512 872 fraude
537 804 683 871 tradente
714 824 784 870 eam
811 802 904 870 nobis
930 805 1121 871 auctoritate
1146 801 1326 892 apostolica
1351 804 1430 869 viee
1457 813 1491 868 et

175 904 307 968 nomine
332 900 447 988 prelati
473 898 592 967 domiui
617 900 720 967 nostri
746 920 827 988 pape
852 909 885 965 et
905 897 1047 964 ecclesie
1072 918 1207 964 romane
1231 903 1428 985 recepimus,
1456 907 1491 962 et

177 997 423 1084 possessionem
452 993 585 1061 eandem
613 1044 621 1058 .
647 1044 655 1058 .
682 991 886 1082 burkgrauiis
912 990 1037 1081 quidem
1064 1003 1097 1059 et
1122 1042 1129 1058 .
1156 1044 1163 1058 .
1190 988 1339 1058 officiatis
1364 990 1488 1056 huius-

178 1089 264 1158 modi
289 1088 433 1156 ecclesie
466 1087 799 1177 herbipolensis
832 1096 1011 1154 castrorum
1045 1096 1078 1153 et
1107 1086 1258 1154 villarum
1293 1085 1334 1152 de
1359 1085 1487 1152 eisdem

173 1185 267 1252 nobis
293 1183 521 1251 archidiacono
547 1182 662 1272 prelati
687 1182 807 1250 domini
833 1203 915 1272 pape
941 1191 972 1248 et
993 1184 1240 1271 ipsiusromane
1256 1179 1401 1247 ecclesie
1418 1201 1489 1247 no-

174 1284 260 1347 mine
285 1276 539 1366 gwardiantibus
566 1299 625 1345 seu
650 1277 813 1365 gwardias
838 1275 1030 1344 iacientibus
1057 1274 1354 1366 obtemperantibus
1381 1278 1487 1341 etin-

174 1372 377 1441 teudentibus
404 1373 507 1440 libere
532 1370 665 1462 pacifice
691 1382 723 1439 et
744 1374 852 1460 quiete
878 1380 1024 1437 tenemus
1051 1381 1083 1437 et
1108 1369 1329 1453 retinebimus,
1355 1391 1487 1458 quous-

174 1490 236 1557 que
263 1489 280 1532 a
306 1466 430 1555 prelato
458 1467 587 1535 domino
613 1477 727 1534 nostro
753 1488 833 1556 papa
859 1487 916 1534 seu
944 1488 961 1531 a
988 1462 1082 1532 vobis
1109 1464 1194 1532 aliud
1218 1462 1426 1531 habuerimus
1454 1467 1487 1531 in

174 1562 342 1630 mandatis.
394 1561 513 1650 Sicque
547 1562 587 1628 de
612 1565 780 1651 premissis
806 1563 987 1651 paternitati
1019 1569 1132 1628 vestre
1164 1559 1363 1627 relacionem
1397 1558 1487 1626 iaci-

174 1678 245 1723 mus
271 1654 448 1744 plenariam
473 1666 506 1723 et
529 1654 667 1723 fidelem.

270 1750 310 1818 Ju
335 1753 425 1816 euius
458 1752 505 1816 rei
532 1752 749 1816 testimonium
782 1769 919 1838 presens
953 1747 1113 1837 publicum
1141 1751 1392 1835 instrumentum
1428 1768 1488 1836 per

173 1847 331 1912 notarium
359 1843 518 1933 publicum
550 1843 786 1934 infrascriptum
811 1841 883 1910 heri
906 1843 1062 1928 lecimus,
1087 1853 1120 1910 et
1146 1843 1244 1931 sigilli
1271 1845 1375 1909 nostri
1407 1863 1486 1908 mu-

175 1942 294 2007 nimine
321 1937 478 2005 roborari.

269 2037 385 2100 Actum
413 2035 443 2099 in
462 2032 587 2122 palacio
613 2031 919 2122 herbipolensi
946 2031 1104 2121 predicto,
1122 2052 1206 2097 anno
1226 2031 1344 2097 domini
1370 2031 1486 2098 mille-

175 2130 257 2195 simo
284 2131 513 2194 trecentesimo
538 2131 817 2216 quinquagesimo,
839 2125 1016 2213 indictione
1041 2128 1154 2207 tercia,
1181 2126 1233 2192 die
1259 2128 1359 2191 tercia
1387 2145 1487 2192 men-

176 2225 221 2289 sis
244 2225 344 2308 junij,
377 2225 463 2287 circa
498 2220 611 2288 horam
646 2224 798 2303 terciam,
828 2221 1029 2309 pontificatus
1055 2219 1202 2311 prelibati
1234 2218 1353 2285 domini
1379 2224 1487 2286 nostri

175 2338 257 2406 pape
283 2336 367 2381 anno
394 2337 500 2397 nono,
534 2316 739 2404 presentibus
765 2313 1007 2382 honorabilibus
1034 2325 1066 2381 et
1092 2315 1241 2381 discretis
1266 2317 1347 2380 viris
1374 2312 1485 2380 domi-

175 2414 225 2476 nis
253 2411 405 2475 lleinrico
432 2409 471 2475 de
490 2408 680 2477 llohenloch
705 2413 873 2499 preposito
899 2412 1043 2492 maionis,
1070 2408 1220 2477 Conrado
1247 2407 1384 2491 decano,
1410 2430 1486 2474 ma-

175 2507 279 2590 gistro
306 2501 477 2591 lllyclraele
514 2503 689 2569 debeone
725 2504 923 2585 scolastico,
948 2503 1096 2570 Arnoldo
1129 2503 1169 2568 de
1194 2504 1385 2589 llituingen,
1419 2505 1485 2570 lo-

174 2598 278 2662 hanne
306 2596 390 2661 dicto
416 2596 637 2681 llatzenstein,
661 2596 948 2684 Nouimonasterij,
973 2603 1128 2686 magistre
1149 2597 1319 2663 Walthero
1345 2596 1385 2662 de
1412 2598 1484 2664 Ga-

176 2691 302 2758 muudia
329 2694 430 2757 saneti
444 2690 599 2759 lobannis
627 2693 784 2779 inllange
810 2703 901 2759 extra
932 2715 1041 2759 muros
1068 2692 1339 2781 herbipolensium
1366 2692 1485 2758 ecele-

176 2791 293 2852 siarum
320 2788 503 2867 canonicis,
540 2796 572 2853 et
605 2787 772 2874 spectabili
807 2787 936 2853 domino
963 2787 1109 2854 Gotlrido
1137 2791 1253 2853 comite
1280 2786 1319 2851 de
1343 2785 1486 2868 Rienek,

175 2881 321 2946 lohanne
347 2879 593 2946 deVssonkeirn
621 2880 817 2969 burkgrauio
843 2881 976 2970 predicti
1002 2885 1099 2947 castri
1125 2882 1243 2948 illontis
1269 2891 1381 2947 sancte
1407 2881 1487 2947 hta-

174 2978 241 3055 rie,
269 2984 301 3038 et
327 2972 469 3060 pluribus
496 2976 567 3040 aliis
592 2974 761 3064 fidedignis
787 2978 957 3064 personis,
993 2998 1050 3065 pro
1085 2975 1219 3043 testibus
1252 2973 1290 3041 ad
1324 2979 1487 3064 premissa

175 3071 302 3133 voeatis
329 3067 514 3154 specialiter
540 3077 571 3133 et
596 3075 731 3157 rogatis.

267 3167 296 3216 lit
318 3182 368 3230 ego
391 3166 569 3218 lleinricus
592 3168 672 3220 dietus
695 3169 912 3220 llatcenstein
935 3169 967 3220 de
989 3168 1158 3222 liollestat
1180 3168 1401 3234 augustensis
1424 3168 1487 3219 dio-

175 3247 258 3308 cesis,
281 3248 395 3313 publicus
417 3246 496 3315 papali
519 3254 544 3298 et
562 3250 687 3316 imperiali
711 3251 859 3302 auctoritate
881 3251 1011 3314 noterius,
1033 3252 1090 3316 quia
1112 3251 1253 3302 huiusmodi
1276 3249 1370 3302 domini
1386 3250 1486 3302 llein-

173 3329 243 3378 rici
271 3329 440 3381 archidiaconi
470 3329 590 3381 relacioni
620 3332 724 3398 aliisque
745 3333 875 3398 premissis
905 3339 929 3382 vt
951 3331 1078 3400 prefertur
1106 3334 1213 3400 peractis
1243 3348 1345 3383 ruscum
1377 3331 1487 3383 testibus

177 3410 306 3475 prelibatis
328 3426 433 3476 presens
456 3410 567 3473 interlui,
590 3428 668 3479 eaque
690 3414 727 3465 sic
749 3414 797 3464 vidi
821 3415 873 3465 lieri
896 3420 920 3465 et
942 3414 1040 3477 audiui,
1064 3422 1197 3481 propterea
1220 3414 1251 3464 de
1273 3413 1389 3465 mandato
1412 3414 1488 3465 eius-

174 3491 229 3541 dcm
253 3491 346 3542 domiui
370 3491 539 3543 archidiaconi
561 3493 610 3544 hoc
632 3512 738 3561 presens
756 3497 951 3562 jnstrumeutum
973 3512 1026 3548 mea
1049 3512 1120 3546 manu
1143 3496 1299 3563 conscripsi,
1327 3502 1351 3547 et
1373 3495 1397 3547 in
1421 3496 1487 3547 haue

173 3572 295 3639 publicam
319 3573 422 3624 lerinam
446 3574 543 3638 redegi,
566 3591 672 3642 meoque
693 3577 768 3642 siguo
790 3578 866 3629 solito
889 3577 1048 3642 consignant,
1070 3577 1179 3645 desuper
1202 3578 1337 3645 requisitus
1359 3578 1384 3629 iu
1407 3578 1486 3629 testi-

174 3654 283 3705 mouium
305 3654 411 3706 euidens
433 3656 622 3721 premissorum.

372 3827 449 3892 Cujus
471 3829 564 3880 mentio
596 3830 659 3880 lacta
690 3836 729 3880 est
756 3829 863 3896 sigillum
887 3831 962 3882 inscia
984 3833 1173 3885 membranacea
1197 3850 1228 3884 err
1250 3834 1289 3885 hia
1311 3832 1401 3884 litteris
1423 3850 1486 3885 sus-

371 3924 475 3975 pensum
500 3911 552 3960 lere
574 3912 677 3962 omuino
698 3911 825 3979 integrum
848 3919 894 3966 cst.
