3158 4732
172 504 240 572 354
728 501 935 570 Monumeuta

265 691 499 761 Niclrilomiuus
527 712 653 781 quoque
679 690 825 758 similiter
849 692 1017 759 memorati
1043 689 1162 757 domiui
1179 690 1377 759 Heinrici
1403 690 1484 758 iun-

172 787 292 856 datoris
310 791 509 875 monasterij,
524 796 556 854 et
577 786 664 855 bone
682 788 836 853 memorie
852 784 971 855 domini
986 784 1190 854 Einhardi
1208 784 1360 875 specialis
1373 784 1483 853 bene-

171 884 304 951 factoris
320 887 419 972 ipsius
436 885 872 973 monasteripepiscoporum
887 880 988 950 berb
1000 883 1008 947 i
1019 904 1037 972 p
1048 880 1267 966 eleusium,
1283 880 1484 970 aliorumque

171 1001 303 1048 suorum
329 978 571 1046 benefactorum
597 999 655 1069 per
680 988 825 1067 tempora
849 980 1038 1045 successiuo
1060 979 1280 1046 anniuersario
1301 979 1392 1043 aunis
1409 979 1483 1044 sin-

172 1075 259 1162 gulis
287 1072 484 1163 temporibus
512 1075 678 1163 oportunis
705 1072 879 1142 secundum
906 1072 1148 1141 ordinacionem
1175 1124 1182 1139 .
1211 1123 1218 1139 .
1244 1072 1363 1161 prioris
1391 1080 1482 1139 et..

171 1174 313 1237 cantoris
341 1173 371 1236 in
397 1167 540 1258 predicto
566 1170 766 1235 monasterio
793 1166 898 1235 debito
918 1179 950 1235 ot
966 1167 1178 1257 solempniter
1201 1176 1405 1256 peragantur.
1444 1167 1484 1234 Et

172 1267 202 1331 iu
230 1267 279 1330 eis
305 1263 541 1353 particulariter
578 1272 653 1330 octo
688 1261 771 1329 libre
796 1261 987 1331 hallensium
1024 1261 1063 1330 de
1099 1260 1212 1329 eadem
1247 1264 1483 1351 procuracioue

170 1360 389 1449 persoluenda
415 1379 473 1449 pro
500 1361 648 1447 pitancijs
675 1367 708 1424 et
733 1357 1019 1426 consolacionibus
1046 1355 1262 1449 predictorum
1289 1406 1296 1421 .
1324 1408 1331 1423 .
1359 1355 1482 1423 abbatis

171 1506 178 1520 .
205 1505 213 1521 .
239 1457 356 1544 prioris
382 1462 415 1520 et
441 1503 448 1518 .
476 1504 483 1519 .
510 1463 690 1521 conuentus
719 1451 835 1520 ibidem
862 1473 954 1520 more
980 1451 1087 1520 debito
1113 1460 1146 1518 et
1172 1460 1330 1519 consueto
1357 1473 1482 1521 secuu-

171 1547 242 1615 dum
278 1548 529 1637 disposicionem
565 1550 707 1636 ipsorum
736 1599 777 1615 ..
812 1546 969 1615 abbatis.
997 1600 1004 1614 .
1032 1549 1148 1638 prioris
1187 1556 1220 1614 at
1245 1599 1253 1614 .
1281 1601 1288 1616 .
1315 1546 1480 1635 cellerarij

170 1644 223 1711 uel
249 1643 364 1710 saltem
390 1642 523 1711 duorum
546 1665 588 1711 ex
605 1646 653 1710 eis
678 1643 916 1733 particulariter
940 1645 1051 1733 vtique
1075 1639 1220 1709 distribui
1244 1663 1283 1708 ac
1302 1641 1482 1732 dispensari

169 1736 341 1805 debebunt.

264 1835 313 1901 De
340 1833 487 1901 omnibus
512 1853 595 1900 vero
628 1841 661 1899 et
686 1831 824 1920 siugulis
849 1835 1032 1922 presencijs
1067 1853 1106 1903 ac
1131 1828 1415 1899 consolationibus
1443 1831 1482 1899 de

171 1938 355 1996 sauctorum
380 1928 473 1996 iestis
500 1926 616 2015 officijs
651 1926 706 1994 uel
737 1929 968 2015 anniuersarijs
1003 1949 1062 1995 seu
1099 1927 1172 2013 aliJs
1207 1925 1365 1994 similibus
1397 1948 1481 2017 per-

170 2024 305 2109 agendis
332 2022 448 2090 ibidem
475 2045 533 2113 per
559 2032 704 2113 tempora
731 2022 947 2090 ministrandis
984 2020 1045 2089 due
1070 2031 1179 2111 partes
1216 2021 1444 2111 personales.
1473 2075 1480 2088 .

171 2117 294 2202 abbati⁷
320 2119 511 2209 cappellano
544 2139 671 2207 quoque
709 2117 832 2187 abbatis
858 2139 928 2185 cum
954 2115 1035 2208 apud
1061 2138 1132 2184 eum
1159 2114 1350 2206 ubicumque
1387 2117 1484 2185 luerit

173 2217 256 2284 siout
282 2213 376 2279 decet
410 2235 467 2280 sua
493 2211 657 2302 prebenda
683 2221 716 2279 et
741 2216 910 2303 presencia
936 2212 1055 2281 cellere
1080 2222 1175 2301 atque
1208 2210 1274 2278 dari
1308 2209 1481 2294 debebunt,

167 2319 262 2398 prout
288 2311 389 2374 eciam
415 2307 569 2374 hactonus
592 2316 643 2375 est
670 2317 832 2375 seruatum
859 2306 986 2391 ibidem,
1013 2310 1160 2396 exceptis
1186 2316 1305 2374 tautum
1331 2308 1481 2395 pitancijs

173 2415 205 2471 ot
245 2401 530 2471 consolacionibus
563 2405 702 2493 coquina
728 2403 978 2494 caritatibusque
1012 2404 1148 2492 antiquis
1184 2404 1216 2470 in
1252 2400 1481 2469 lestiuitatibus

168 2508 374 2583 sanctorum,
395 2500 432 2586 jn
457 2498 570 2588 quibus
595 2521 661 2566 non
695 2496 790 2566 debet
814 2503 975 2588 particeps
1008 2520 1086 2566 esse
1120 2495 1228 2566 abhas.
1280 2494 1480 2565 Cellerarius

169 2615 296 2683 quoque
322 2615 379 2684 pro
406 2605 553 2683 tempore
578 2596 747 2677 orestem,
772 2595 804 2660 in
830 2597 978 2681 negocijs
1005 2596 1192 2680 monasterij
1219 2594 1320 2658 eciam
1347 2591 1481 2677 absens,

167 2711 206 2754 ue
231 2693 333 2756 eciam
367 2687 596 2756 decumbentes
631 2688 750 2756 fratres
789 2699 908 2757 tautum
943 2710 1013 2757 cum
1052 2689 1124 2776 aliJs
1158 2690 1226 2755 suis
1263 2686 1479 2755 confratribus

167 2788 328 2851 interesse
355 2783 543 2852 debentibus
570 2786 601 2851 in
626 2786 795 2875 premissis
818 2807 894 2853 suas
909 2787 1085 2875 porciones
1102 2785 1293 2874 participare
1309 2780 1479 2851 debebunt.

167 3017 394 3104 [Tricesimum
422 3017 563 3103 quintum
589 3016 760 3104 capitulum
787 3016 826 3083 de
852 3015 1052 3084 exuberante
1076 3018 1106 3083 iu
1129 3017 1296 3105 premissis
1324 3014 1477 3101 ordinarij

732 3114 921 3201 potestate]

263 3256 413 3324 Ceterum
440 3269 551 3327 nostra
578 3270 857 3350 nostrorumque.
887 3283 1138 3329 ‚successorum
1166 3262 1391 3350 episcoporum
1415 3279 1477 3324 ec-

167 3352 268 3418 clesie
295 3352 636 3444 herbipolensis
671 3361 846 3424 auctoritas
873 3379 931 3424 seu
956 3367 1102 3446 potestas
1130 3357 1291 3425 ordinaria
1331 3364 1363 3420 et
1389 3353 1477 3444 dyo-

166 3470 285 3514 cesuua
312 3451 342 3514 iu
369 3453 536 3537 premissis
560 3462 592 3518 et
609 3452 681 3538 aliJ's
708 3452 913 3541 tangentibus
939 3461 1054 3520 statum
1082 3451 1260 3538 luriirsmodj
1287 3452 1475 3536 monasterij

166 3547 195 3609 iu
225 3546 328 3631 capite
355 3554 387 3609 ot
420 3548 449 3611 in
476 3544 627 3613 membris
654 3550 724 3614 siue
759 3552 789 3615 in
824 3546 1041 3636 spiritualibus
1075 3552 1145 3616 siue
1179 3552 1209 3614 iu
1245 3543 1476 3634 temporalibus

168 3640 341 3705 secuudum
364 3642 447 3724 juris
480 3651 512 3707 et
537 3643 636 3731 ipsius
673 3643 795 3710 ordinis
821 3643 936 3731 regule
969 3665 1007 3709 ao
1033 3647 1247 3711 institutorum
1284 3643 1475 3728 exigeucias

165 3755 203 3798 ac
228 3739 352 3820 priscas
380 3755 438 3800 seu
464 3740 608 3824 antiquus
635 3736 750 3805 ibidem
787 3740 956 3826 regulares
983 3737 1213 3806 obseruancias
1249 3740 1357 3824 vtique
1392 3735 1470 3801 diri-

165 3829 279 3914 gcudis
316 3851 374 3918 pro
401 3828 465 3896 loci
503 3841 535 3898 et
572 3836 726 3922 temporis
752 3834 904 3923 qualitate
939 3844 1031 3924 prout
1061 3838 1115 3923 jus
1150 3831 1341 3925 pontificalis
1376 3829 1486 3916 ol'ticij-

165 3927 268 4010 exigit
293 3926 434 3991 sollicite
460 3926 598 4014 uigilare
625 3938 656 3995 et
682 3928 864 3996 extuberare
891 3938 1025 3996 tenetur.
