3158 4732
133 475 208 543 VIII

134 666 340 754 presencium
353 714 378 729 ..
394 659 638 752 perceptoribus
651 659 856 750 presentibus
872 671 905 729 et
918 660 1033 729 futuris
1048 665 1318 751 recognoscimus
1331 673 1448 732 tenore

135 773 169 830 et
194 759 405 850 patefacimus
431 777 489 847 per
515 765 703 845 presentes,
738 756 821 844 quod
853 757 1054 824 reuerendus
1080 760 1112 825 in
1138 756 1266 825 Christo
1293 769 1383 848 pater
1410 780 1448 825 ao

132 867 248 924 noster
272 854 420 921 dominus
446 853 618 939 graciosus
645 848 791 917 dominus
818 850 1019 920 Albertas
1045 852 1170 919 electus
1192 855 1229 939 J'n
1259 857 1447 942 episcopum

132 949 488 1038 herbipolensem
516 943 722 1012 confirmatus
749 945 788 1013 de
804 966 968 1014 consensu
987 957 1019 1013 et
1033 946 1278 1015 collaudacione
1297 947 1446 1015 bonora-

138 1045 247 1113 biiium
275 1054 307 1111 et
331 1053 516 1111 nostrorum
543 1043 768 1129 graciosorum
793 1040 993 1108 dominorum
1010 1040 1243 1110 Eberhardi
1270 1042 1309 1110 de
1334 1043 1446 1133 Rye-

133 1139 232 1207 dern
256 1138 369 1206 decani
391 1139 603 1224 tociusque..
621 1135 749 1224 capituli
773 1135 915 1202 ecclesie
935 1135 1265 1226 herbipolensis
1285 1159 1343 1226 per
1355 1137 1447 1226 legi-

137 1239 244 1302 timam
272 1235 483 1301 donacionem
511 1229 654 1297 ecclesio
691 1229 902 1318 parrochialis
934 1229 998 1298 boo
1032 1240 1083 1298 est
1108 1234 1381 1321 jurispatronatus
1411 1234 1447 1320 ju

133 1329 333 1397 Bretielt
356 1327 439 1394 dicta
465 1324 631 1416 dyocesis,
653 1323 691 1391 ad
708 1327 808 1414 ipsam
825 1325 950 1414 quidem
968 1326 1141 1394 ecclesiam
1165 1325 1446 1416 herbipolen-

135 1445 223 1492 sem
250 1427 352 1490 eciam
375 1421 414 1488 ab
439 1424 567 1508 antiquo
595 1423 783 1508 spectantis,
804 1423 911 1510 jpsurn
939 1424 1168 1488 monasterium
1193 1431 1338 1488 nostrum
1365 1442 1448 1510 pre-

134 1517 253 1585 dictum
270 1517 405 1606 amplius
421 1517 589 1581 meritorie
605 1512 868 1602 laudabiliterque
884 1513 1016 1601 dotauit,
1041 1527 1135 1605 prout
1150 1519 1182 1584 in
1195 1515 1312 1584 litteris
1330 1515 1448 1583 exinde

134 1612 296 1679 conlectis
323 1610 381 1678 sub
409 1608 527 1696 sigillis
554 1606 749 1697 prefatorum
777 1607 978 1676 domiuorum
1002 1610 1098 1678 electi
1115 1620 1148 1677 et
1163 1611 1291 1698 capituli
1308 1611 1448 1700 desuper

132 1707 229 1776 uobis
256 1706 337 1772 datis
363 1705 489 1796 plenius
515 1706 706 1771 continetur.

234 1842 274 1909 dn
315 1844 405 1906 cuius
452 1841 499 1905 rei
542 1840 759 1904 testimonium
807 1847 994 1926 perpetuum
1033 1849 1127 1926 atque
1164 1837 1262 1906 robur
1301 1846 1447 1905 nostrum

134 1937 274 2018 Anne,
298 1945 372 2003 nate
398 1931 691 2022 quondanrdomIni
709 1930 894 1998 Conradi
921 1931 1258 2020 deSluselberg‚
1284 1932 1448 2001 abbatisse

139 2031 295 2098 moderna
328 2040 392 2096 et.
422 2079 428 2092 .
455 2037 634 2094 conuentus
675 2030 863 2113 monasteriJ
905 2026 945 2094 de
978 2026 1091 2115 quibus
1127 2025 1300 2116 predicitur
1338 2027 1448 2114 sigilla

137 2125 343 2214 presentibus
370 2132 442 2190 sunl
468 2142 621 2211 appensa.

136 2357 142 2369 ι
168 2352 211 2421 b'l
232 2260 346 2325 [tatum
380 2256 527 2324 kalendis
560 2257 693 2342 marcij,
726 2278 809 2325 anno
836 2255 955 2345 dominj
981 2255 1032 2324 Μ0
1057 2253 1158 2323 000ο
1182 2259 1448 2348 quinquagesimo

131 2375 165 2441 Ju
191 2375 267 2421 reo.

339 2491 475 2558 Utrumque
506 2491 578 2558 cujus
600 2489 693 2543 mentio
723 2491 785 2542 iacta
815 2497 854 2543 est
880 2490 988 2558 sigillum
1016 2490 1092 2543 fascia
1120 2489 1309 2543 membranacea
1341 2506 1373 2543 ex
1405 2492 1445 2544 bis

337 2573 426 2625 titteris
448 2587 598 2640 suspensum
621 2579 668 2625 eat.

193 2827 194 2831 ‘
240 2813 368 2904 Ratio,
409 2836 523 2911 quam
550 2814 588 2891 in
624 2814 779 2891 odendis
822 2814 1088 2912 diplomatibus
1133 2814 1253 2892 secuti
1297 2837 1446 2910 sumne,

137 2959 270 3033 eadem
307 2965 384 3046 est,
423 2982 536 3056 quam
573 2958 611 3033 in
651 2957 887 3057 praefatione
923 2958 1121 3035 voluminis
1163 2959 1447 3057 duodequadra-

136 3102 268 3203 gesimi
297 3103 376 3178 sive
404 3101 589 3178 undecimi
619 3125 739 3178 novae
768 3100 999 3178 collectionis
1025 3101 1281 3201 exposuimus.

249 3293 455 3384 Monachii,
483 3317 581 3370 anno
607 3293 944 3382 MDCCCLXXII,
973 3290 1095 3367 idibus
1125 3292 1396 3371 decembribus
