3150 5166
341 39 1501 433 ῌ

126 846 197 912 214
677 844 888 917 llonunenta

125 1030 306 1121 buiusmodj
333 1036 465 1122 negocii
491 1032 630 1102 lideliter
653 1042 828 1125 protegant
849 1030 891 1101 ab
914 1030 1096 1121 huiusmodi
1120 1030 1374 1123 graminibus
1412 1038 1445 1097 et

126 1126 309 1195 defensent

224 1222 310 1288 Jtem
348 1220 500 1289 volumus
533 1229 567 1287 et
598 1219 798 1306 ordinamus,
832 1220 919 1311 quod
944 1272 953 1289 .
976 1272 986 1289 .
1012 1220 1164 1290 olicialis
1200 1224 1298 1295 cutia
1330 1230 1446 1291 nosve

124 1314 495 1404 herbipolensis,
519 1313 560 1381 ed
582 1318 675 1383 cuius
700 1314 766 1383 boc
788 1324 916 1406 spectat
938 1314 1092 1401 odicium,
1125 1320 1182 1407 qui
1204 1336 1268 1407 pro
1295 1326 1446 1407 temporo

129 1410 226 1477 luerit
251 1419 368 1476 statuta
393 1408 564 1500 synodalia
590 1421 623 1480 et
645 1410 871 1500 prouincialiu
894 1430 967 1479 cnm
993 1412 1169 1501 requisitus
1192 1410 1308 1495 inerit,
1339 1408 1448 1479 debito

126 1507 321 1572 executioni
345 1503 527 1571 demandet

228 1599 312 1665 Jtem
338 1597 424 1687 quod
449 1598 596 1687 plerique
620 1597 745 1686 ialsarij
769 1597 889 1666 litteris
914 1599 1107 1688 apostolicis
1133 1609 1168 1668 et
1197 1598 1341 1669 aliorum
1368 1620 1450 1690 pre-

128 1691 265 1760 latorum
292 1695 486 1781 testimouijs
511 1703 664 1761 asserunt
677 1692 840 1761 fallaciter
862 1714 902 1761 se
916 1696 1068 1777 munitos,
1093 1696 1267 1764 sutuuus
1291 1704 1328 1763 et
1353 1694 1445 1763 ordi·

127 1809 254 1867 numus,
292 1789 377 1853 sicut
401 1791 504 1855 eciam
535 1807 664 1856 sacrant
697 1786 870 1855 concilium
903 1786 1106 1878 prouinciale
1142 1792 1449 1879 moguntinum

128 1884 241 1947 statuit
251 1890 282 1946 et
298 1879 469 1965 ordinauit,
482 1902 525 1948 ne
534 1879 928 1971 tales-qualiacumque
941 1885 1061 1973 scripta
1068 1880 1219 1951 delerant
1230 1922 1268 1933 -
1285 1882 1450 1952 acloricis

129 1975 186 2042 uel
213 1997 231 2041 a
256 1973 451 2063 quibuslibet
474 1974 548 2062 alijs
573 1978 726 2065 personis
748 1972 985 2044 ecclesiasticis
1018 1974 1249 2047 tabellionibus
1286 1999 1351 2047 seu
1375 1978 1450 2065 aliis

128 2069 386 2159 quibuscumque
404 2073 632 2158 cuiuscumque
647 2079 750 2138 status
775 2090 834 2137 seu
860 2068 1062 2140 condicionis
1087 2074 1233 2141 existant
1248 2076 1452 2163 recipiantur

128 2163 334 2252 publicentur
358 2163 412 2231 uel
437 2161 682 2253 quomodolibet
705 2166 900 2232 execucioni
926 2163 1116 2233 mandentur
1147 2170 1180 2234 in
1204 2165 1368 2255 ecclesiis
1398 2176 1453 2234 aut

131 2258 215 2324 locis
241 2258 506 2348 quibuscumque.
530 2278 592 2325 nec
617 2262 720 2326 eciam
753 2260 816 2347 ipsi
840 2257 1028 2327 deierantes
1053 2258 1259 2351 hospitentur
1282 2264 1452 2329 scienter:

126 2371 238 2441 ymmo
273 2354 462 2441 ignoranter
495 2351 650 2441 hospitati
684 2373 703 2418 a
734 2350 1000 2441 quibuscumque,
1031 2364 1202 2445 postquam
1240 2359 1454 2447 perceperint

129 2450 233 2513 eciam
258 2468 277 2512 a
304 2466 506 2535 quocumque
531 2448 623 2535 ipsos
647 2444 828 2531 buiusmodj
853 2449 984 2535 scriptis
1011 2446 1087 2516 iore
1111 2449 1266 2527 munitos,
1292 2452 1454 2518 eiciantur

131 2550 165 2607 et
193 2544 320 2628 penitus
346 2540 552 2607 dimittantur.
577 2544 640 2607 nisi
664 2542 753 2629 prius
789 2561 902 2608 eorum
929 2540 1037 2609 littere
1061 2563 1120 2631 per
1144 2541 1320 2611 officialem
1359 2546 1452 2617 curie

128 2644 243 2702 nostre
280 2645 312 2701 et
337 2634 422 2701 alios
447 2634 502 2700 uel
527 2634 622 2700 alium
648 2634 761 2722 quibus
800 2634 863 2700 boc
888 2633 1076 2723 specialiter
1101 2636 1356 2705 conmittendum
1386 2640 1452 2705 du·

127 2733 273 2797 xerimus
300 2731 484 2795 examinate
508 2728 627 2795 luerint
652 2728 836 2816 diligenter.
861 2738 893 2795 et
917 2732 981 2796 nisi
1006 2733 1095 2817 prius
1121 2734 1222 2821 ipsius
1238 2731 1394 2800 odicialis
1421 2742 1453 2799 et

126 2824 264 2891 aliorum
302 2844 361 2912 per
395 2842 457 2890 nos
492 2822 744 2911 deputandorum
780 2822 897 2889 litteris
923 2823 1193 2891 testimonialibus
1231 2829 1298 2893 sint
1325 2831 1451 2895 muniti.

133 2920 288 2986 Poterant
315 2928 421 2983 tamen
447 2917 488 2983 de
513 2917 648 3005 speciali
673 2917 811 2983 licencia
836 2938 896 2983 seu
923 2916 1071 2984 mandato
1089 2919 1267 2987 eorundem
1295 2934 1454 2989 constare

128 3011 396 3080 certitudinalitec
421 3011 572 3078 debente.
597 3010 703 3078 donec
725 3011 906 3098 huiusmodi
932 3013 1169 3080 testimoniales
1196 3011 1324 3081 litteras
1358 3021 1452 3107 opti-

127 3111 267 3189 nuerint,
295 3105 462 3196 hospitari.
513 3106 601 3172 Sane
624 3109 815 3194 quicumque
839 3117 953 3173 contra
978 3105 1059 3174 banc
1084 3117 1230 3175 nostram
1253 3110 1452 3180 ordinacio-

127 3223 201 3270 nem
229 3203 312 3268 tales
352 3200 577 3290 bospitauerit,
609 3220 669 3266 seu
694 3199 874 3288 hospitatos
907 3210 940 3265 ut
965 3204 1157 3289 premittitur
1183 3224 1249 3270 non
1275 3204 1452 3290 dimiserit

130 3319 189 3364 seu
217 3317 329 3363 eorum
357 3293 483 3362 litteras
510 3297 670 3383 receperit
692 3293 905 3382 publicauerit
929 3315 989 3360 seu
1014 3294 1290 3384 qualitercumque
1317 3321 1452 3367 execu-

126 3395 213 3458 cioni
249 3389 459 3460 mandauerit.
491 3392 520 3456 si
553 3387 693 3455 clericus
726 3398 760 3454 et
791 3387 1002 3454 beneficiatus
1028 3393 1159 3463 existat,
1192 3392 1265 3478 ipso
1295 3396 1374 3478 jure
1412 3395 1453 3462 ab

126 3485 234 3554 officio
260 3495 293 3551 et
326 3482 487 3551 beneficio
514 3504 573 3572 per
597 3484 768 3549 triennium
794 3486 836 3547 sit
860 3503 1051 3570 suspensus.
1076 3486 1178 3549 ceteri
1192 3504 1276 3551 vero
1296 3493 1451 3556 auctori-

125 3590 192 3647 tate
230 3580 409 3665 huiusmodi
436 3581 545 3645 statuti
570 3579 643 3664 ipso
667 3576 754 3644 iacto
781 3579 1122 3643 exconmunicacionis
1147 3583 1351 3647 sentenciam
1394 3587 1452 3650 in-

128 3685 269 3742 current.
297 3675 420 3762 absque
445 3671 580 3763 speciali
598 3680 711 3738 nostro
726 3670 875 3737 mandato
901 3670 942 3735 ab
966 3690 1006 3735 ea
1030 3669 1224 3737 mullatenus
1240 3672 1452 3761 absoluendi,

125 3770 188 3836 alia
225 3791 308 3858 pena
340 3767 567 3834 nichilominus
600 3768 690 3832 iuxta
715 3764 968 3852 subscriptorum
983 3763 1207 3830 arbitratoruut
1233 3768 1287 3832 uel
1314 3774 1453 3840 maioris

127 3869 227 3953 partis
253 3884 366 3931 corum
392 3861 556 3928 arbitrium
583 3863 694 3947 vtique
719 3858 879 3948 puniendi.
930 3856 1081 3923 Ceterum
1107 3857 1180 3923 buic
1196 3870 1319 3927 statuto
1346 3865 1450 3933 drini-

126 3981 195 4025 mus
231 3958 487 4024 annectendum.
533 3966 566 4020 ut
598 3958 626 4021 si
665 3953 749 4019 tales
786 3957 859 4018 sine
893 3950 987 4017 dictis
1020 3949 1138 4015 litteris
1173 3957 1452 4027 testimonialibus

126 4054 251 4119 litteras
292 4072 368 4117 suas
401 4049 566 4139 publicare
607 4050 863 4137 presumpserint
901 4065 960 4110 seu
994 4047 1112 4129 exequi
1153 4045 1449 4142 qualitercumque.

126 4144 322 4234 ..plebani
357 4166 417 4212 seu
444 4197 451 4209 .
480 4196 488 4208 .
515 4141 718 4232 riceplebani
756 4150 870 4209 nostre
905 4139 1044 4203 ciuitatis
1083 4147 1116 4202 et
1141 4137 1299 4226 dyocesis
1328 4157 1361 4210 ct
1390 4150 1447 4237 nlij

126 4246 229 4312 eciam
255 4245 446 4332 quicumque
470 4237 509 4305 ad
535 4258 617 4328 quos
644 4240 793 4305 venerint
819 4253 880 4300 eos
906 4251 977 4297 cum
1004 4229 1120 4295 litteris
1146 4243 1178 4296 et
1204 4233 1303 4301 rebus
1330 4261 1450 4312 eorum
